@ARTICLE{2009Natur.461.1254T,
   author = {{Tanvir}, N.~R. and {Fox}, D.~B. and {Levan}, A.~J. and {Berger}, E. and
	{Wiersema}, K. and {Fynbo}, J.~P.~U. and {Cucchiara}, A. and
	{Kr{\"u}hler}, T. and {Gehrels}, N. and {Bloom}, J.~S. and {Greiner}, J. and
	{Evans}, P.~A. and {Rol}, E. and {Olivares}, F. and {Hjorth}, J. and
	{Jakobsson}, P. and {Farihi}, J. and {Willingale}, R. and {Starling}, R.~L.~C. and
	{Cenko}, S.~B. and {Perley}, D. and {Maund}, J.~R. and {Duke}, J. and
	{Wijers}, R.~A.~M.~J. and {Adamson}, A.~J. and {Allan}, A. and
	{Bremer}, M.~N. and {Burrows}, D.~N. and {Castro-Tirado}, A.~J. and
	{Cavanagh}, B. and {de Ugarte Postigo}, A. and {Dopita}, M.~A. and
	{Fatkhullin}, T.~A. and {Fruchter}, A.~S. and {Foley}, R.~J. and
	{Gorosabel}, J. and {Kennea}, J. and {Kerr}, T. and {Klose}, S. and
	{Krimm}, H.~A. and {Komarova}, V.~N. and {Kulkarni}, S.~R. and
	{Moskvitin}, A.~S. and {Mundell}, C.~G. and {Naylor}, T. and
	{Page}, K. and {Penprase}, B.~E. and {Perri}, M. and {Podsiadlowski}, P. and
	{Roth}, K. and {Rutledge}, R.~E. and {Sakamoto}, T. and {Schady}, P. and
	{Schmidt}, B.~P. and {Soderberg}, A.~M. and {Sollerman}, J. and
	{Stephens}, A.~W. and {Stratta}, G. and {Ukwatta}, T.~N. and
	{Watson}, D. and {Westra}, E. and {Wold}, T. and {Wolf}, C.},
    title = "{A {$\gamma$}-ray burst at a redshift of z\~{}8.2}",
  journal = {\nat},
archivePrefix = "arXiv",
   eprint = {0906.1577},
 primaryClass = "astro-ph.CO",
     year = 2009,
    month = oct,
   volume = 461,
    pages = {1254-1257},
      doi = {10.1038/nature08459},
   adsurl = {http://adsabs.harvard.edu/abs/2009Natur.461.1254T},
  adsnote = {Provided by the SAO/NASA Astrophysics Data System}
}

@ARTICLE{2018Natur.553..473B,
   author = {{Ba{\~n}ados}, E. and {Venemans}, B.~P. and {Mazzucchelli}, C. and
	{Farina}, E.~P. and {Walter}, F. and {Wang}, F. and {Decarli}, R. and
	{Stern}, D. and {Fan}, X. and {Davies}, F.~B. and {Hennawi}, J.~F. and
	{Simcoe}, R.~A. and {Turner}, M.~L. and {Rix}, H.-W. and {Yang}, J. and
	{Kelson}, D.~D. and {Rudie}, G.~C. and {Winters}, J.~M.},
    title = "{An 800-million-solar-mass black hole in a significantly neutral Universe at a redshift of 7.5}",
  journal = {\nat},
archivePrefix = "arXiv",
   eprint = {1712.01860},
     year = 2018,
    month = jan,
   volume = 553,
    pages = {473-476},
      doi = {10.1038/nature25180},
   adsurl = {http://ukads.nottingham.ac.uk/abs/2018Natur.553..473B},
  adsnote = {Provided by the SAO/NASA Astrophysics Data System}
}

@ARTICLE{2017MNRAS.466..138K,
   author = {{Knudsen}, K.~K. and {Watson}, D. and {Frayer}, D. and {Christensen}, L. and
	{Gallazzi}, A. and {Micha{\l}owski}, M.~J. and {Richard}, J. and
	{Zavala}, J.},
    title = "{A merger in the dusty, z = 7.5 galaxy A1689-zD1?}",
  journal = {\mnras},
archivePrefix = "arXiv",
   eprint = {1603.03222},
 keywords = {galaxies: evolution, galaxies: formation, galaxies: high-redshift, galaxies: ISM, submillimetre: galaxies},
     year = 2017,
    month = apr,
   volume = 466,
    pages = {138-146},
      doi = {10.1093/mnras/stw3066},
   adsurl = {http://ukads.nottingham.ac.uk/abs/2017MNRAS.466..138K},
  adsnote = {Provided by the SAO/NASA Astrophysics Data System}
}

@ARTICLE{2011MNRAS.416.2712D,
   author = {{De Looze}, I. and {Baes}, M. and {Bendo}, G.~J. and {Cortese}, L. and
	{Fritz}, J.},
    title = "{The reliability of [C II] as an indicator of the star formation rate}",
  journal = {\mnras},
archivePrefix = "arXiv",
   eprint = {1106.1643},
 primaryClass = "astro-ph.CO",
 keywords = {ISM: lines and bands, galaxies: star formation, infrared: galaxies, ultraviolet: galaxies},
     year = 2011,
    month = oct,
   volume = 416,
    pages = {2712-2724},
      doi = {10.1111/j.1365-2966.2011.19223.x},
   adsurl = {http://ukads.nottingham.ac.uk/abs/2011MNRAS.416.2712D},
  adsnote = {Provided by the SAO/NASA Astrophysics Data System}
}

@ARTICLE{2011Natur.474..616M,
   author = {{Mortlock}, D.~J. and {Warren}, S.~J. and {Venemans}, B.~P. and
	{Patel}, M. and {Hewett}, P.~C. and {McMahon}, R.~G. and {Simpson}, C. and
	{Theuns}, T. and {Gonz{\'a}les-Solares}, E.~A. and {Adamson}, A. and
	{Dye}, S. and {Hambly}, N.~C. and {Hirst}, P. and {Irwin}, M.~J. and
	{Kuiper}, E. and {Lawrence}, A. and {R{\"o}ttgering}, H.~J.~A.
	},
    title = "{A luminous quasar at a redshift of z = 7.085}",
  journal = {\nat},
archivePrefix = "arXiv",
   eprint = {1106.6088},
 primaryClass = "astro-ph.CO",
     year = 2011,
    month = jun,
   volume = 474,
    pages = {616-619},
      doi = {10.1038/nature10159},
   adsurl = {http://ukads.nottingham.ac.uk/abs/2011Natur.474..616M},
  adsnote = {Provided by the SAO/NASA Astrophysics Data System}
}

@ARTICLE{2010ApJ...724..957S,
   author = {{Stacey}, G.~J. and {Hailey-Dunsheath}, S. and {Ferkinhoff}, C. and
	{Nikola}, T. and {Parshley}, S.~C. and {Benford}, D.~J. and
	{Staguhn}, J.~G. and {Fiolet}, N.},
    title = "{A 158 {$\mu$}m [C II] Line Survey of Galaxies at z \~{} 1-2: An Indicator of Star Formation in the Early Universe}",
  journal = {\apj},
archivePrefix = "arXiv",
   eprint = {1009.4216},
 keywords = {galaxies: active, galaxies: high-redshift, galaxies: ISM, galaxies: starburst, infrared: galaxies, submillimeter: galaxies},
     year = 2010,
    month = dec,
   volume = 724,
    pages = {957-974},
      doi = {10.1088/0004-637X/724/2/957},
   adsurl = {http://ukads.nottingham.ac.uk/abs/2010ApJ...724..957S},
  adsnote = {Provided by the SAO/NASA Astrophysics Data System}
}

@ARTICLE{2008ApJ...678..647B,
   author = {{Bradley}, L.~D. and {Bouwens}, R.~J. and {Ford}, H.~C. and
	{Illingworth}, G.~D. and {Jee}, M.~J. and {Ben{\'{\i}}tez}, N. and
	{Broadhurst}, T.~J. and {Franx}, M. and {Frye}, B.~L. and {Infante}, L. and
	{Motta}, V. and {Rosati}, P. and {White}, R.~L. and {Zheng}, W.
	},
    title = "{Discovery of a Very Bright Strongly Lensed Galaxy Candidate at z {\ap} 7.6}",
  journal = {\apj},
archivePrefix = "arXiv",
   eprint = {0802.2506},
 keywords = {cosmology: observations, galaxies: evolution, galaxies: formation, galaxies: high-redshift},
     year = 2008,
    month = may,
   volume = 678,
    pages = {647-654},
      doi = {10.1086/533519},
   adsurl = {http://ukads.nottingham.ac.uk/abs/2008ApJ...678..647B},
  adsnote = {Provided by the SAO/NASA Astrophysics Data System}
}

@ARTICLE{2006AJ....132..117F,
   author = {{Fan}, X. and {Strauss}, M.~A. and {Becker}, R.~H. and {White}, R.~L. and
	{Gunn}, J.~E. and {Knapp}, G.~R. and {Richards}, G.~T. and {Schneider}, D.~P. and
	{Brinkmann}, J. and {Fukugita}, M.},
    title = "{Constraining the Evolution of the Ionizing Background and the Epoch of Reionization with z\~{}6 Quasars. II. A Sample of 19 Quasars}",
  journal = {\aj},
   eprint = {astro-ph/0512082},
 keywords = {Cosmology: Observations, Galaxies: Intergalactic Medium, Galaxies: Quasars: Absorption Lines, Galaxies: Quasars: General},
     year = 2006,
    month = jul,
   volume = 132,
    pages = {117-136},
      doi = {10.1086/504836},
   adsurl = {http://ukads.nottingham.ac.uk/abs/2006AJ....132..117F},
  adsnote = {Provided by the SAO/NASA Astrophysics Data System}
}

@ARTICLE{1998ApJ...501...15M,
   author = {{Miralda-Escud{\'e}}, J.},
    title = "{Reionization of the Intergalactic Medium and the Damping Wing of the Gunn-Peterson Trough}",
  journal = {\apj},
   eprint = {astro-ph/9708253},
 keywords = {COSMOLOGY: THEORY, COSMOLOGY: LARGE-SCALE STRUCTURE OF UNIVERSE, GALAXIES: INTERGALACTIC MEDIUM, Cosmology: Theory, Galaxies: Intergalactic Medium, Cosmology: Large-Scale Structure of Universe},
     year = 1998,
    month = jul,
   volume = 501,
    pages = {15-22},
      doi = {10.1086/305799},
   adsurl = {http://ukads.nottingham.ac.uk/abs/1998ApJ...501...15M},
  adsnote = {Provided by the SAO/NASA Astrophysics Data System}
}

@ARTICLE{2016A&A...596A.108P,
   author = {{Planck Collaboration} and {Adam}, R. and {Aghanim}, N. and
	{Ashdown}, M. and {Aumont}, J. and {Baccigalupi}, C. and {Ballardini}, M. and
	{Banday}, A.~J. and {Barreiro}, R.~B. and {Bartolo}, N. and
	{Basak}, S. and {Battye}, R. and {Benabed}, K. and {Bernard}, J.-P. and
	{Bersanelli}, M. and {Bielewicz}, P. and {Bock}, J.~J. and {Bonaldi}, A. and
	{Bonavera}, L. and {Bond}, J.~R. and {Borrill}, J. and {Bouchet}, F.~R. and
	{Boulanger}, F. and {Bucher}, M. and {Burigana}, C. and {Calabrese}, E. and
	{Cardoso}, J.-F. and {Carron}, J. and {Chiang}, H.~C. and {Colombo}, L.~P.~L. and
	{Combet}, C. and {Comis}, B. and {Couchot}, F. and {Coulais}, A. and
	{Crill}, B.~P. and {Curto}, A. and {Cuttaia}, F. and {Davis}, R.~J. and
	{de Bernardis}, P. and {de Rosa}, A. and {de Zotti}, G. and
	{Delabrouille}, J. and {Di Valentino}, E. and {Dickinson}, C. and
	{Diego}, J.~M. and {Dor{\'e}}, O. and {Douspis}, M. and {Ducout}, A. and
	{Dupac}, X. and {Elsner}, F. and {En{\ss}lin}, T.~A. and {Eriksen}, H.~K. and
	{Falgarone}, E. and {Fantaye}, Y. and {Finelli}, F. and {Forastieri}, F. and
	{Frailis}, M. and {Fraisse}, A.~A. and {Franceschi}, E. and
	{Frolov}, A. and {Galeotta}, S. and {Galli}, S. and {Ganga}, K. and
	{G{\'e}nova-Santos}, R.~T. and {Gerbino}, M. and {Ghosh}, T. and
	{Gonz{\'a}lez-Nuevo}, J. and {G{\'o}rski}, K.~M. and {Gruppuso}, A. and
	{Gudmundsson}, J.~E. and {Hansen}, F.~K. and {Helou}, G. and
	{Henrot-Versill{\'e}}, S. and {Herranz}, D. and {Hivon}, E. and
	{Huang}, Z. and {Ili{\'c}}, S. and {Jaffe}, A.~H. and {Jones}, W.~C. and
	{Keih{\"a}nen}, E. and {Keskitalo}, R. and {Kisner}, T.~S. and
	{Knox}, L. and {Krachmalnicoff}, N. and {Kunz}, M. and {Kurki-Suonio}, H. and
	{Lagache}, G. and {L{\"a}hteenm{\"a}ki}, A. and {Lamarre}, J.-M. and
	{Langer}, M. and {Lasenby}, A. and {Lattanzi}, M. and {Lawrence}, C.~R. and
	{Le Jeune}, M. and {Levrier}, F. and {Lewis}, A. and {Liguori}, M. and
	{Lilje}, P.~B. and {L{\'o}pez-Caniego}, M. and {Ma}, Y.-Z. and
	{Mac{\'{\i}}as-P{\'e}rez}, J.~F. and {Maggio}, G. and {Mangilli}, A. and
	{Maris}, M. and {Martin}, P.~G. and {Mart{\'{\i}}nez-Gonz{\'a}lez}, E. and
	{Matarrese}, S. and {Mauri}, N. and {McEwen}, J.~D. and {Meinhold}, P.~R. and
	{Melchiorri}, A. and {Mennella}, A. and {Migliaccio}, M. and
	{Miville-Desch{\^e}nes}, M.-A. and {Molinari}, D. and {Moneti}, A. and
	{Montier}, L. and {Morgante}, G. and {Moss}, A. and {Naselsky}, P. and
	{Natoli}, P. and {Oxborrow}, C.~A. and {Pagano}, L. and {Paoletti}, D. and
	{Partridge}, B. and {Patanchon}, G. and {Patrizii}, L. and {Perdereau}, O. and
	{Perotto}, L. and {Pettorino}, V. and {Piacentini}, F. and {Plaszczynski}, S. and
	{Polastri}, L. and {Polenta}, G. and {Puget}, J.-L. and {Rachen}, J.~P. and
	{Racine}, B. and {Reinecke}, M. and {Remazeilles}, M. and {Renzi}, A. and
	{Rocha}, G. and {Rossetti}, M. and {Roudier}, G. and {Rubi{\~n}o-Mart{\'{\i}}n}, J.~A. and
	{Ruiz-Granados}, B. and {Salvati}, L. and {Sandri}, M. and {Savelainen}, M. and
	{Scott}, D. and {Sirri}, G. and {Sunyaev}, R. and {Suur-Uski}, A.-S. and
	{Tauber}, J.~A. and {Tenti}, M. and {Toffolatti}, L. and {Tomasi}, M. and
	{Tristram}, M. and {Trombetti}, T. and {Valiviita}, J. and {Van Tent}, F. and
	{Vielva}, P. and {Villa}, F. and {Vittorio}, N. and {Wandelt}, B.~D. and
	{Wehus}, I.~K. and {White}, M. and {Zacchei}, A. and {Zonca}, A.
	},
    title = "{Planck intermediate results. XLVII. Planck constraints on reionization history}",
  journal = {\aap},
archivePrefix = "arXiv",
   eprint = {1605.03507},
 keywords = {cosmic background radiation, dark ages, reionization, first stars, polarization},
     year = 2016,
    month = dec,
   volume = 596,
      eid = {A108},
    pages = {A108},
      doi = {10.1051/0004-6361/201628897},
   adsurl = {http://ukads.nottingham.ac.uk/abs/2016A%26A...596A.108P},
  adsnote = {Provided by the SAO/NASA Astrophysics Data System}
}

@ARTICLE{bothwell13,
   author = {{Bothwell}, M.~S. and {Smail}, I. and {Chapman}, S.~C. and
{Genzel}, R. and
	{Ivison}, R.~J. and {Tacconi}, L.~J. and {Alaghband-Zadeh}, S. and
	{Bertoldi}, F. and {Blain}, A.~W. and {Casey}, C.~M. and {Cox}, P.
and
	{Greve}, T.~R. and {Lutz}, D. and {Neri}, R. and {Omont}, A. and
	{Swinbank}, A.~M.},
    title = "{A survey of molecular gas in luminous sub-millimetre
galaxies}",
  journal = {\mnras},
archivePrefix = "arXiv",
   eprint = {1205.1511},
 primaryClass = "astro-ph.CO",
 keywords = {galaxies: evolution, galaxies: formation, galaxies: ISM,
cosmology: observations},
     year = 2013,
    month = mar,
   volume = 429,
    pages = {3047-3067},
      doi = {10.1093/mnras/sts562},
   adsurl = {http://adsabs.harvard.edu/abs/2013MNRAS.429.3047B},
  adsnote = {Provided by the SAO/NASA Astrophysics Data System}
}

@ARTICLE{knudsen08,
   author = {{Knudsen}, K.~K. and {van der Werf}, P.~P. and {Kneib}, J.-P.
	},
    title = "{Probing the submillimetre number counts at f$_{850#m}$ {\lt}
2mJy}",
  journal = {\mnras},
archivePrefix = "arXiv",
   eprint = {0712.1904},
 keywords = {surveys, galaxies: evolution, galaxies: high-redshift, galaxies:
starburst, submillimetre},
     year = 2008,
    month = mar,
   volume = 384,
    pages = {1611-1626},
      doi = {10.1111/j.1365-2966.2007.12820.x},
   adsurl = {http://adsabs.harvard.edu/abs/2008MNRAS.384.1611K},
  adsnote = {Provided by the SAO/NASA Astrophysics Data System}
}

@ARTICLE{rigby08,
   author = {{Rigby}, J.~R. and {Marcillac}, D. and {Egami}, E. and {Rieke},
G.~H. and
	{Richard}, J. and {Kneib}, J.-P. and {Fadda}, D. and {Willmer},
C.~N.~A. and
	{Borys}, C. and {van der Werf}, P.~P. and {P{\'e}rez-Gonz{\'a}lez},
P.~G. and
	{Knudsen}, K.~K. and {Papovich}, C.},
    title = "{Mid-Infrared Spectroscopy of Lensed Galaxies at 1 {\lt} z {\lt}
3: The Nature of Sources Near the MIPS Confusion Limit}",
  journal = {\apj},
archivePrefix = "arXiv",
   eprint = {0711.1902},
 keywords = {Galaxies: Evolution, Galaxies: High-Redshift, Infrared:
Galaxies},
     year = 2008,
    month = mar,
   volume = 675,
    pages = {262-280},
      doi = {10.1086/525273},
   adsurl = {http://adsabs.harvard.edu/abs/2008ApJ...675..262R},
  adsnote = {Provided by the SAO/NASA Astrophysics Data System}
}

@ARTICLE{limousin07,
   author = {{Limousin}, M. and {Richard}, J. and {Jullo}, E. and {Kneib},
J.-P. and
	{Fort}, B. and {Soucail}, G. and {El{\'{\i}}asd{\'o}ttir}, {\'A}. and
	{Natarajan}, P. and {Ellis}, R.~S. and {Smail}, I. and {Czoske}, O.
and
	{Smith}, G.~P. and {Hudelot}, P. and {Bardeau}, S. and {Ebeling}, H.
and
	{Egami}, E. and {Knudsen}, K.~K.},
    title = "{Combining Strong and Weak Gravitational Lensing in Abell
1689}",
  journal = {\apj},
   eprint = {arXiv:astro-ph/0612165},
 keywords = {Cosmology: Observations, Galaxies: Clusters: Individual:
Alphanumeric: A1689, Cosmology: Gravitational Lensing},
     year = 2007,
    month = oct,
   volume = 668,
    pages = {643-666},
      doi = {10.1086/521293},
   adsurl = {http://adsabs.harvard.edu/abs/2007ApJ...668..643L},
  adsnote = {Provided by the SAO/NASA Astrophysics Data System}
}


@ARTICLE{swinbank11,
   author = {{Swinbank}, A.~M. and {Papadopoulos}, P.~P. and {Cox}, P. and
	{Krips}, M. and {Ivison}, R.~J. and {Smail}, I. and {Thomson}, A.~P.
and
	{Neri}, R. and {Richard}, J. and {Ebeling}, H.},
    title = "{The Interstellar Medium in Distant Star-forming Galaxies:
Turbulent Pressure, Fragmentation, and Cloud Scaling Relations in a Dense Gas
Disk at z = 2.3}",
  journal = {\apj},
archivePrefix = "arXiv",
   eprint = {1110.2780},
 primaryClass = "astro-ph.CO",
 keywords = {galaxies: evolution, galaxies: high-redshift, galaxies:
individual: SMM J2135{\ndash}0102, galaxies: ISM, galaxies: starburst,
galaxies: star formation},
     year = 2011,
    month = nov,
   volume = 742,
      eid = {11},
    pages = {11},
      doi = {10.1088/0004-637X/742/1/11},
   adsurl = {http://adsabs.harvard.edu/abs/2011ApJ...742...11S},
  adsnote = {Provided by the SAO/NASA Astrophysics Data System}
}

@ARTICLE{danielson11,
   author = {{Danielson}, A.~L.~R. and {Swinbank}, A.~M. and {Smail}, I. and
	{Cox}, P. and {Edge}, A.~C. and {Weiss}, A. and {Harris}, A.~I. and
	{Baker}, A.~J. and {De Breuck}, C. and {Geach}, J.~E. and {Ivison},
R.~J. and
	{Krips}, M. and {Lundgren}, A. and {Longmore}, S. and {Neri}, R. and
	{Flaquer}, B.~O.},
    title = "{The properties of the interstellar medium within a star-forming
galaxy at z= 2.3}",
  journal = {\mnras},
archivePrefix = "arXiv",
   eprint = {1008.3183},
 primaryClass = "astro-ph.CO",
 keywords = {galaxies: active, galaxies: evolution, galaxies: high-redshift,
galaxies: starburst, submillimetre: galaxies},
     year = 2011,
    month = jan,
   volume = 410,
    pages = {1687-1702},
      doi = {10.1111/j.1365-2966.2010.17549.x},
   adsurl = {http://adsabs.harvard.edu/abs/2011MNRAS.410.1687D},
  adsnote = {Provided by the SAO/NASA Astrophysics Data System}
}

@ARTICLE{ivison10a,
   author = {{Ivison}, R.~J. and {Swinbank}, A.~M. and {Swinyard}, B. and
	{Smail}, I. and {Pearson}, C.~P. and {Rigopoulou}, D. and
{Polehampton}, E. and
	{Baluteau}, J.-P. and {Barlow}, M.~J. and {Blain}, A.~W. and
	{Bock}, J. and {Clements}, D.~L. and {Coppin}, K. and {Cooray}, A.
and
	{Danielson}, A. and {Dwek}, E. and {Edge}, A.~C. and {Franceschini},
A. and
	{Fulton}, T. and {Glenn}, J. and {Griffin}, M. and {Isaak}, K. and
	{Leeks}, S. and {Lim}, T. and {Naylor}, D. and {Oliver}, S.~J. and
	{Page}, M.~J. and {P{\'e}rez Fournon}, I. and {Rowan-Robinson}, M.
and
	{Savini}, G. and {Scott}, D. and {Spencer}, L. and {Valtchanov}, I.
and
	{Vigroux}, L. and {Wright}, G.~S.},
    title = "{Herschel and SCUBA-2 imaging and spectroscopy of a bright,
lensed submillimetre galaxy at z = 2.3}",
  journal = {\aap},
archivePrefix = "arXiv",
   eprint = {1005.1071},
 primaryClass = "astro-ph.CO",
 keywords = {galaxies: evolution, infrared: galaxies, infrared: ISM, radio
continuum: galaxies, submillimeter: galaxies},
     year = 2010,
    month = jul,
   volume = 518,
      eid = {L35},
    pages = {L35},
      doi = {10.1051/0004-6361/201014548},
   adsurl = {http://adsabs.harvard.edu/abs/2010A%26A...518L..35I},
  adsnote = {Provided by the SAO/NASA Astrophysics Data System}
}

@ARTICLE{swinbank10,
   author = {{Swinbank}, A.~M. and {Smail}, I. and {Longmore}, S. and
{Harris}, A.~I. and
	{Baker}, A.~J. and {De Breuck}, C. and {Richard}, J. and {Edge},
A.~C. and
	{Ivison}, R.~J. and {Blundell}, R. and {Coppin}, K.~E.~K. and
	{Cox}, P. and {Gurwell}, M. and {Hainline}, L.~J. and {Krips}, M. and
	{Lundgren}, A. and {Neri}, R. and {Siana}, B. and {Siringo}, G. and
	{Stark}, D.~P. and {Wilner}, D. and {Younger}, J.~D.},
    title = "{Intense star formation within resolved compact regions in a
galaxy at z = 2.3}",
  journal = {\nat},
archivePrefix = "arXiv",
   eprint = {1003.3674},
 primaryClass = "astro-ph.CO",
     year = 2010,
    month = apr,
   volume = 464,
    pages = {733-736},
      doi = {10.1038/nature08880},
   adsurl = {http://adsabs.harvard.edu/abs/2010Natur.464..733S},
  adsnote = {Provided by the SAO/NASA Astrophysics Data System}
}

@ARTICLE{bolzonella00,
   author = {{Bolzonella}, M. and {Miralles}, J.-M. and {Pell{\'o}}, R.},
    title = "{Photometric redshifts based on standard SED fitting
procedures}",
  journal = {\aap},
   eprint = {arXiv:astro-ph/0003380},
 keywords = {GALAXIES: DISTANCES AND REDSHIFTS, GALAXIES: GENERAL, METHODS:
DATA ANALYSIS, TECHNIQUES: PHOTOMETRIC},
     year = 2000,
    month = nov,
   volume = 363,
    pages = {476-492},
   adsurl = {http://adsabs.harvard.edu/abs/2000A%26A...363..476B},
  adsnote = {Provided by the SAO/NASA Astrophysics Data System}
}

@ARTICLE{charyelbaz01,
   author = {{Chary}, R. and {Elbaz}, D.},
    title = "{Interpreting the Cosmic Infrared Background: Constraints on the
Evolution of the Dust-enshrouded Star Formation Rate}",
  journal = {\apj},
   eprint = {arXiv:astro-ph/0103067},
 keywords = {Cosmology: Diffuse Radiation, Galaxies: Evolution, Infrared:
Galaxies},
     year = 2001,
    month = aug,
   volume = 556,
    pages = {562-581},
      doi = {10.1086/321609},
   adsurl = {http://adsabs.harvard.edu/abs/2001ApJ...556..562C},
  adsnote = {Provided by the SAO/NASA Astrophysics Data System}
}

@ARTICLE{hezaveh13,
   author = {{Hezaveh}, Y.~D. and {Marrone}, D.~P. and {Fassnacht}, C.~D. and
	{Spilker}, J.~S. and {Vieira}, J.~D. and {Aguirre}, J.~E. and
	{Aird}, K.~A. and {Aravena}, M. and {Ashby}, M.~L.~N. and {Bayliss},
M. and
	{Benson}, B.~A. and {Bleem}, L.~E. and {Bothwell}, M. and {Brodwin},
M. and
	{Carlstrom}, J.~E. and {Chang}, C.~L. and {Chapman}, S.~C. and
	{Crawford}, T.~M. and {Crites}, A.~T. and {De Breuck}, C. and
	{de Haan}, T. and {Dobbs}, M.~A. and {Fomalont}, E.~B. and {George},
E.~M. and
	{Gladders}, M.~D. and {Gonzalez}, A.~H. and {Greve}, T.~R. and
	{Halverson}, N.~W. and {High}, F.~W. and {Holder}, G.~P. and
	{Holzapfel}, W.~L. and {Hoover}, S. and {Hrubes}, J.~D. and
	{Husband}, K. and {Hunter}, T.~R. and {Keisler}, R. and {Lee}, A.~T.
and
	{Leitch}, E.~M. and {Lueker}, M. and {Luong-Van}, D. and {Malkan}, M.
and
	{McIntyre}, V. and {McMahon}, J.~J. and {Mehl}, J. and {Menten},
K.~M. and
	{Meyer}, S.~S. and {Mocanu}, L.~M. and {Murphy}, E.~J. and {Natoli},
T. and
	{Padin}, S. and {Plagge}, T. and {Reichardt}, C.~L. and {Rest}, A.
and
	{Ruel}, J. and {Ruhl}, J.~E. and {Sharon}, K. and {Schaffer}, K.~K.
and
	{Shaw}, L. and {Shirokoff}, E. and {Stalder}, B. and {Staniszewski},
Z. and
	{Stark}, A.~A. and {Story}, K. and {Vanderlinde}, K. and {Wei{\ss}},
A. and
	{Welikala}, N. and {Williamson}, R.},
    title = "{ALMA Observations of SPT-discovered, Strongly Lensed, Dusty,
Star-forming Galaxies}",
  journal = {\apj},
archivePrefix = "arXiv",
   eprint = {1303.2722},
 primaryClass = "astro-ph.CO",
 keywords = {galaxies: high-redshift, galaxies: starburst, gravitational
lensing: strong, techniques: interferometric},
     year = 2013,
    month = apr,
   volume = 767,
      eid = {132},
    pages = {132},
      doi = {10.1088/0004-637X/767/2/132},
   adsurl = {http://adsabs.harvard.edu/abs/2013ApJ...767..132H},
  adsnote = {Provided by the SAO/NASA Astrophysics Data System}
}

@ARTICLE{weiss13,
   author = {{Wei{\ss}}, A. and {De Breuck}, C. and {Marrone}, D.~P. and
	{Vieira}, J.~D. and {Aguirre}, J.~E. and {Aird}, K.~A. and {Aravena},
M. and
	{Ashby}, M.~L.~N. and {Bayliss}, M. and {Benson}, B.~A. and
	{B{\'e}thermin}, M. and {Biggs}, A.~D. and {Bleem}, L.~E. and
	{Bock}, J.~J. and {Bothwell}, M. and {Bradford}, C.~M. and {Brodwin},
M. and
	{Carlstrom}, J.~E. and {Chang}, C.~L. and {Chapman}, S.~C. and
	{Crawford}, T.~M. and {Crites}, A.~T. and {de Haan}, T. and
	{Dobbs}, M.~A. and {Downes}, T.~P. and {Fassnacht}, C.~D. and
	{George}, E.~M. and {Gladders}, M.~D. and {Gonzalez}, A.~H. and
	{Greve}, T.~R. and {Halverson}, N.~W. and {Hezaveh}, Y.~D. and
	{High}, F.~W. and {Holder}, G.~P. and {Holzapfel}, W.~L. and
	{Hoover}, S. and {Hrubes}, J.~D. and {Husband}, K. and {Keisler}, R.
and
	{Lee}, A.~T. and {Leitch}, E.~M. and {Lueker}, M. and {Luong-Van}, D.
and
	{Malkan}, M. and {McIntyre}, V. and {McMahon}, J.~J. and {Mehl}, J.
and
	{Menten}, K.~M. and {Meyer}, S.~S. and {Murphy}, E.~J. and {Padin},
S. and
	{Plagge}, T. and {Reichardt}, C.~L. and {Rest}, A. and {Rosenman}, M.
and
	{Ruel}, J. and {Ruhl}, J.~E. and {Schaffer}, K.~K. and {Shirokoff},
E. and
	{Spilker}, J.~S. and {Stalder}, B. and {Staniszewski}, Z. and
	{Stark}, A.~A. and {Story}, K. and {Vanderlinde}, K. and {Welikala},
N. and
	{Williamson}, R.},
    title = "{ALMA Redshifts of Millimeter-selected Galaxies from the SPT
Survey: The Redshift Distribution of Dusty Star-forming Galaxies}",
  journal = {\apj},
archivePrefix = "arXiv",
   eprint = {1303.2726},
 primaryClass = "astro-ph.CO",
 keywords = {cosmology: observations, early universe, galaxies: evolution,
galaxies: high-redshift, ISM: molecules},
     year = 2013,
    month = apr,
   volume = 767,
      eid = {88},
    pages = {88},
      doi = {10.1088/0004-637X/767/1/88},
   adsurl = {http://adsabs.harvard.edu/abs/2013ApJ...767...88W},
  adsnote = {Provided by the SAO/NASA Astrophysics Data System}
}

@ARTICLE{vieira13,
   author = {{Vieira}, J.~D. and {Marrone}, D.~P. and {Chapman}, S.~C. and
	{De Breuck}, C. and {Hezaveh}, Y.~D. and {Wei{$\beta$}}, A. and
	{Aguirre}, J.~E. and {Aird}, K.~A. and {Aravena}, M. and {Ashby},
M.~L.~N. and
	{Bayliss}, M. and {Benson}, B.~A. and {Biggs}, A.~D. and {Bleem},
L.~E. and
	{Bock}, J.~J. and {Bothwell}, M. and {Bradford}, C.~M. and {Brodwin},
M. and
	{Carlstrom}, J.~E. and {Chang}, C.~L. and {Crawford}, T.~M. and
	{Crites}, A.~T. and {de Haan}, T. and {Dobbs}, M.~A. and {Fomalont},
E.~B. and
	{Fassnacht}, C.~D. and {George}, E.~M. and {Gladders}, M.~D. and
	{Gonzalez}, A.~H. and {Greve}, T.~R. and {Gullberg}, B. and
	{Halverson}, N.~W. and {High}, F.~W. and {Holder}, G.~P. and
	{Holzapfel}, W.~L. and {Hoover}, S. and {Hrubes}, J.~D. and
	{Hunter}, T.~R. and {Keisler}, R. and {Lee}, A.~T. and {Leitch},
E.~M. and
	{Lueker}, M. and {Luong-van}, D. and {Malkan}, M. and {McIntyre}, V.
and
	{McMahon}, J.~J. and {Mehl}, J. and {Menten}, K.~M. and {Meyer},
S.~S. and
	{Mocanu}, L.~M. and {Murphy}, E.~J. and {Natoli}, T. and {Padin}, S.
and
	{Plagge}, T. and {Reichardt}, C.~L. and {Rest}, A. and {Ruel}, J. and
	{Ruhl}, J.~E. and {Sharon}, K. and {Schaffer}, K.~K. and {Shaw}, L.
and
	{Shirokoff}, E. and {Spilker}, J.~S. and {Stalder}, B. and
{Staniszewski}, Z. and
	{Stark}, A.~A. and {Story}, K. and {Vanderlinde}, K. and {Welikala},
N. and
	{Williamson}, R.},
    title = "{Dusty starburst galaxies in the early Universe as revealed by
gravitational lensing}",
  journal = {\nat},
archivePrefix = "arXiv",
   eprint = {1303.2723},
 primaryClass = "astro-ph.CO",
     year = 2013,
    month = mar,
   volume = 495,
    pages = {344-347},
      doi = {10.1038/nature12001},
   adsurl = {http://adsabs.harvard.edu/abs/2013Natur.495..344V},
  adsnote = {Provided by the SAO/NASA Astrophysics Data System}
}

@ARTICLE{kneib05,
   author = {{Kneib}, J.-P. and {Neri}, R. and {Smail}, I. and {Blain}, A.
and
	{Sheth}, K. and {van der Werf}, P. and {Knudsen}, K.~K.},
    title = "{Molecular gas in a z {\tilde} 2.5 triply-imaged, sub-mJy
submillimetre galaxy typical of the cosmic far-infrared background}",
  journal = {\aap},
   eprint = {arXiv:astro-ph/0409502},
 keywords = {gravitational lensing, cosmology: observations, galaxies:
clusters: individual: A2219, galaxies: high-redshift, infrared: galaxies,
galaxies: individual: SMM J16359+6612},
     year = 2005,
    month = may,
   volume = 434,
    pages = {819-825},
      doi = {10.1051/0004-6361:20042034},
   adsurl = {http://adsabs.harvard.edu/abs/2005A%26A...434..819K},
  adsnote = {Provided by the SAO/NASA Astrophysics Data System}
}

@ARTICLE{sheth04,
   author = {{Sheth}, K. and {Blain}, A.~W. and {Kneib}, J.-P. and {Frayer},
D.~T. and
	{van der Werf}, P.~P. and {Knudsen}, K.~K.},
    title = "{Detection of CO from SMM J16359+6612, the Multiply Imaged
Submillimeter Galaxy behind A2218}",
  journal = {\apjl},
   eprint = {arXiv:astro-ph/0409477},
 keywords = {Galaxies: Evolution, Galaxies: Formation, Galaxies:
High-Redshift, Galaxies: Individual: Alphanumeric: SMM J16359+6612, Galaxies:
ISM, Galaxies: Starburst},
     year = 2004,
    month = oct,
   volume = 614,
    pages = {L5-L8},
      doi = {10.1086/425308},
   adsurl = {http://adsabs.harvard.edu/abs/2004ApJ...614L...5S},
  adsnote = {Provided by the SAO/NASA Astrophysics Data System}
}

@ARTICLE{kneib04,
   author = {{Kneib}, J.-P. and {van der Werf}, P.~P. and {Kraiberg Knudsen},
K. and
	{Smail}, I. and {Blain}, A. and {Frayer}, D. and {Barnard}, V. and
	{Ivison}, R.},
    title = "{A multiply imaged, submillimetre-selected ultraluminous
infrared galaxy in a galaxy group at z\~{} 2.5}",
  journal = {\mnras},
   eprint = {arXiv:astro-ph/0403192},
 keywords = {galaxies: clusters: individual: A 2218, galaxies: evolution,
galaxies: individual: SMM J16359+6612, galaxies: starburst, cosmology:
observations, infrared: galaxies},
     year = 2004,
    month = apr,
   volume = 349,
    pages = {1211-1217},
      doi = {10.1111/j.1365-2966.2004.07618.x},
   adsurl = {http://adsabs.harvard.edu/abs/2004MNRAS.349.1211K},
  adsnote = {Provided by the SAO/NASA Astrophysics Data System}
}

@INPROCEEDINGS{mcmullin07,
   author = {{McMullin}, J.~P. and {Waters}, B. and {Schiebel}, D. and
{Young}, W. and
	{Golap}, K.},
    title = "{CASA Architecture and Applications}",
booktitle = {Astronomical Data Analysis Software and Systems XVI},
     year = 2007,
   series = {Astronomical Society of the Pacific Conference Series},
   volume = 376,
   editor = {{Shaw}, R.~A. and {Hill}, F. and {Bell}, D.~J.},
    month = oct,
    pages = {127},
   adsurl = {http://esoads.eso.org/abs/2007ASPC..376..127M},
  adsnote = {Provided by the SAO/NASA Astrophysics Data System}
}

@ARTICLE{martividal14,
   author = {{Marti-Vidal}, I. and {Vlemmings}, W.~H.~T. and {Muller}, S. and
	{Casey}, S.},
    title = "{UVMULTIFIT: A versatile tool for fitting astronomical radio
interferometric data}",
  journal = {arxiv:1401.4984},
archivePrefix = "arXiv",
   eprint = {1401.4984},
 primaryClass = "astro-ph.IM",
 keywords = {Astrophysics - Instrumentation and Methods for Astrophysics},
     year = 2014,
    month = jan,
   adsurl = {http://esoads.eso.org/abs/2014arXiv1401.4984M},
  adsnote = {Provided by the SAO/NASA Astrophysics Data System}
}

@ARTICLE{beaumont13,
   author = {{Beaumont}, C.~N. and {Offner}, S.~S.~R. and {Shetty}, R. and
	{Glover}, S.~C.~O. and {Goodman}, A.~A.},
    title = "{Quantifying Observational Projection Effects Using Molecular
Cloud Simulations}",
  journal = {\apj},
archivePrefix = "arXiv",
   eprint = {1310.1929},
 primaryClass = "astro-ph.GA",
 keywords = {ISM: clouds, radiative transfer, techniques: image processing,
techniques: spectroscopic },
     year = 2013,
    month = nov,
   volume = 777,
      eid = {173},
    pages = {173},
      doi = {10.1088/0004-637X/777/2/173},
   adsurl = {http://adsabs.harvard.edu/abs/2013ApJ...777..173B},
  adsnote = {Provided by the SAO/NASA Astrophysics Data System}
}

@ARTICLE{romeo10,
   author = {{Romeo}, A.~B. and {Burkert}, A. and {Agertz}, O.},
    title = "{A Toomre-like stability criterion for the clumpy and turbulent
interstellar medium}",
  journal = {\mnras},
archivePrefix = "arXiv",
   eprint = {1001.4732},
 primaryClass = "astro-ph.CO",
 keywords = {instabilities, turbulence, ISM: general, ISM: kinematics and
dynamics, ISM: structure, galaxies: ISM},
     year = 2010,
    month = sep,
   volume = 407,
    pages = {1223-1230},
      doi = {10.1111/j.1365-2966.2010.16975.x},
   adsurl = {http://adsabs.harvard.edu/abs/2010MNRAS.407.1223R},
  adsnote = {Provided by the SAO/NASA Astrophysics Data System}
}

@ARTICLE{johansson12,
   author = {{Johansson}, D. and {Horellou}, C. and {Lopez-Cruz}, O. and
	{Muller}, S. and {Birkinshaw}, M. and {Black}, J.~H. and {Bremer},
M.~N. and
	{Wall}, W.~F. and {Bertoldi}, F. and {Castillo}, E. and
{Ibarra-Medel}, H.~J.
	},
    title = "{Molecular gas and dust in the highly magnified z \~{} 2.8
galaxy behind the Bullet Cluster}",
  journal = {\aap},
archivePrefix = "arXiv",
   eprint = {1208.6100},
 primaryClass = "astro-ph.CO",
 keywords = {submillimeter: galaxies, infrared: galaxies, cosmology:
observations, gravitational lensing: strong},
     year = 2012,
    month = jul,
   volume = 543,
      eid = {A62},
    pages = {A62},
      doi = {10.1051/0004-6361/201117918},
   adsurl = {http://adsabs.harvard.edu/abs/2012A%26A...543A..62J},
  adsnote = {Provided by the SAO/NASA Astrophysics Data System}
}

@ARTICLE{finkelstein11,
   author = {{Finkelstein}, K.~D. and {Papovich}, C. and {Finkelstein}, S.~L.
and
	{Willmer}, C.~N.~A. and {Rigby}, J.~R. and {Rudnick}, G. and
	{Egami}, E. and {Rieke}, M. and {Smith}, J.-D.~T.},
    title = "{Probing the Star Formation History and Initial Mass Function of
the z \~{} 2.5 Lensed Galaxy SMM J163554.2+661225 with Herschel}",
  journal = {\apj},
archivePrefix = "arXiv",
   eprint = {1110.3323},
 primaryClass = "astro-ph.CO",
 keywords = {galaxies: high-redshift, galaxies: individual: SMM
J163554.2+661225, galaxies: starburst, infrared: galaxies},
     year = 2011,
    month = dec,
   volume = 742,
      eid = {108},
    pages = {108},
      doi = {10.1088/0004-637X/742/2/108},
   adsurl = {http://adsabs.harvard.edu/abs/2011ApJ...742..108F},
  adsnote = {Provided by the SAO/NASA Astrophysics Data System}
}

@ARTICLE{davies10,
   author = {{Davies}, L.~J.~M. and {Bremer}, M.~N. and {Stanway}, E.~R. and
	{Birkinshaw}, M. and {Lehnert}, M.~D.},
    title = "{Limits on the molecular gas content of z \~{} 5 LBGs}",
  journal = {\mnras},
archivePrefix = "arXiv",
   eprint = {1007.3989},
 primaryClass = "astro-ph.CO",
 keywords = {galaxies: high-redshift, galaxies: starburst, galaxies: star
formation, radio lines: galaxies},
     year = 2010,
    month = oct,
   volume = 408,
    pages = {L31-L35},
      doi = {10.1111/j.1745-3933.2010.00922.x},
   adsurl = {http://adsabs.harvard.edu/abs/2010MNRAS.408L..31D},
  adsnote = {Provided by the SAO/NASA Astrophysics Data System}
}


@ARTICLE{hatsukade13,
   author = {{Hatsukade}, B. and {Ohta}, K. and {Seko}, A. and {Yabe}, K. and
	{Akiyama}, M.},
    title = "{Faint End of 1.3 mm Number Counts Revealed by ALMA}",
  journal = {\apjl},
archivePrefix = "arXiv",
   eprint = {1304.6437},
 primaryClass = "astro-ph.CO",
 keywords = {cosmology: observations, galaxies: evolution, galaxies:
formation, galaxies: high-redshift, galaxies: ISM},
     year = 2013,
    month = jun,
   volume = 769,
      eid = {L27},
    pages = {L27},
      doi = {10.1088/2041-8205/769/2/L27},
   adsurl = {http://adsabs.harvard.edu/abs/2013ApJ...769L..27H},
  adsnote = {Provided by the SAO/NASA Astrophysics Data System}
}


@ARTICLE{ono14,
   author = {{Ono}, Y. and {Ouchi}, M. and {Kurono}, Y. and {Momose}, R.},
    title = "{Faint Submillimeter Galaxies Revealed by Multifield Deep ALMA
Observations: Number Counts, Spatial Clustering, and a Dark Submillimeter
Line Emitter}",
  journal = {\apj},
archivePrefix = "arXiv",
   eprint = {1403.4360},
 keywords = {galaxies: evolution, galaxies: formation, galaxies:
high-redshift},
     year = 2014,
    month = nov,
   volume = 795,
      eid = {5},
    pages = {5},
      doi = {10.1088/0004-637X/795/1/5},
   adsurl = {http://adsabs.harvard.edu/abs/2014ApJ...795....5O},
  adsnote = {Provided by the SAO/NASA Astrophysics Data System}
}


@ARTICLE{johansson11,
   author = {{Johansson}, D. and {Sigurdarson}, H. and {Horellou}, C.},
    title = "{A LABOCA survey of submillimeter galaxies behind galaxy
clusters}",
  journal = {\aap},
archivePrefix = "arXiv",
   eprint = {1101.2093},
 primaryClass = "astro-ph.CO",
 keywords = {galaxies: clusters: general, submillimeter: galaxies, infrared:
galaxies, cosmology: observations},
     year = 2011,
    month = mar,
   volume = 527,
      eid = {A117},
    pages = {A117},
      doi = {10.1051/0004-6361/201016138},
   adsurl = {http://adsabs.harvard.edu/abs/2011A%26A...527A.117J},
  adsnote = {Provided by the SAO/NASA Astrophysics Data System}
}

@ARTICLE{coppin08,
   author = {{Coppin}, K. and {Halpern}, M. and {Scott}, D. and {Borys}, C.
and
	{Dunlop}, J. and {Dunne}, L. and {Ivison}, R. and {Wagg}, J. and
	{Aretxaga}, I. and {Battistelli}, E. and {Benson}, A. and {Blain}, A.
and
	{Chapman}, S. and {Clements}, D. and {Dye}, S. and {Farrah}, D. and
	{Hughes}, D. and {Jenness}, T. and {van Kampen}, E. and {Lacey}, C.
and
	{Mortier}, A. and {Pope}, A. and {Priddey}, R. and {Serjeant}, S. and
	{Smail}, I. and {Stevens}, J. and {Vaccari}, M.},
    title = "{The SCUBA HAlf Degree Extragalactic Survey - VI. 350-{$\mu$}m
mapping of submillimetre galaxies}",
  journal = {\mnras},
archivePrefix = "arXiv",
   eprint = {0711.0274},
 keywords = {surveys , galaxies: formation , galaxies: high-redshift ,
galaxies: starburst , cosmology: observations , submillimetre},
     year = 2008,
    month = mar,
   volume = 384,
    pages = {1597-1610},
      doi = {10.1111/j.1365-2966.2007.12808.x},
   adsurl = {http://adsabs.harvard.edu/abs/2008MNRAS.384.1597C},
  adsnote = {Provided by the SAO/NASA Astrophysics Data System}
}


@ARTICLE{scott12,
   author = {{Scott}, K.~S. and {Wilson}, G.~W. and {Aretxaga}, I. and
{Austermann}, J.~E. and
	{Chapin}, E.~L. and {Dunlop}, J.~S. and {Ezawa}, H. and {Halpern}, M.
and
	{Hatsukade}, B. and {Hughes}, D.~H. and {Kawabe}, R. and {Kim}, S.
and
	{Kohno}, K. and {Lowenthal}, J.~D. and {Monta{\~n}a}, A. and
	{Nakanishi}, K. and {Oshima}, T. and {Sanders}, D. and {Scott}, D.
and
	{Scoville}, N. and {Tamura}, Y. and {Welch}, D. and {Yun}, M.~S. and
	{Zeballos}, M.},
    title = "{The source counts of submillimetre galaxies detected at
{$\lambda$}= 1.1 mm}",
  journal = {\mnras},
archivePrefix = "arXiv",
   eprint = {1203.2609},
 primaryClass = "astro-ph.CO",
 keywords = {galaxies: evolution, galaxies: high-redshift, galaxies:
starburst, submillimetre: galaxies},
     year = 2012,
    month = jun,
   volume = 423,
    pages = {575-589},
      doi = {10.1111/j.1365-2966.2012.20905.x},
   adsurl = {http://adsabs.harvard.edu/abs/2012MNRAS.423..575S},
  adsnote = {Provided by the SAO/NASA Astrophysics Data System}
}


@ARTICLE{vieira10,
   author = {{Vieira}, J.~D. and {Crawford}, T.~M. and {Switzer}, E.~R. and
	{Ade}, P.~A.~R. and {Aird}, K.~A. and {Ashby}, M.~L.~N. and
	{Benson}, B.~A. and {Bleem}, L.~E. and {Brodwin}, M. and {Carlstrom},
J.~E. and
	{Chang}, C.~L. and {Cho}, H.-M. and {Crites}, A.~T. and {de Haan}, T.
and
	{Dobbs}, M.~A. and {Everett}, W. and {George}, E.~M. and {Gladders},
M. and
	{Hall}, N.~R. and {Halverson}, N.~W. and {High}, F.~W. and {Holder},
G.~P. and
	{Holzapfel}, W.~L. and {Hrubes}, J.~D. and {Joy}, M. and {Keisler},
R. and
	{Knox}, L. and {Lee}, A.~T. and {Leitch}, E.~M. and {Lueker}, M. and
	{Marrone}, D.~P. and {McIntyre}, V. and {McMahon}, J.~J. and
	{Mehl}, J. and {Meyer}, S.~S. and {Mohr}, J.~J. and {Montroy}, T.~E.
and
	{Padin}, S. and {Plagge}, T. and {Pryke}, C. and {Reichardt}, C.~L.
and
	{Ruhl}, J.~E. and {Schaffer}, K.~K. and {Shaw}, L. and {Shirokoff},
E. and
	{Spieler}, H.~G. and {Stalder}, B. and {Staniszewski}, Z. and
	{Stark}, A.~A. and {Vanderlinde}, K. and {Walsh}, W. and
{Williamson}, R. and
	{Yang}, Y. and {Zahn}, O. and {Zenteno}, A.},
    title = "{Extragalactic Millimeter-wave Sources in South Pole Telescope
Survey Data: Source Counts, Catalog, and Statistics for an 87 Square-degree
Field}",
  journal = {\apj},
archivePrefix = "arXiv",
   eprint = {0912.2338},
 primaryClass = "astro-ph.CO",
 keywords = {galaxies: high-redshift, submillimeter: galaxies, surveys},
     year = 2010,
    month = aug,
   volume = 719,
    pages = {763-783},
      doi = {10.1088/0004-637X/719/1/763},
   adsurl = {http://adsabs.harvard.edu/abs/2010ApJ...719..763V},
  adsnote = {Provided by the SAO/NASA Astrophysics Data System}
}


@ARTICLE{bethermin12,
   author = {{B{\'e}thermin}, M. and {Daddi}, E. and {Magdis}, G. and
{Sargent}, M.~T. and
	{Hezaveh}, Y. and {Elbaz}, D. and {Le Borgne}, D. and {Mullaney}, J.
and
	{Pannella}, M. and {Buat}, V. and {Charmandaris}, V. and {Lagache},
G. and
	{Scott}, D.},
    title = "{A Unified Empirical Model for Infrared Galaxy Counts Based on
the Observed Physical Evolution of Distant Galaxies}",
  journal = {\apjl},
archivePrefix = "arXiv",
   eprint = {1208.6512},
 primaryClass = "astro-ph.CO",
 keywords = {galaxies: evolution, galaxies: star formation, galaxies:
statistics, infrared: galaxies, submillimeter: galaxies},
     year = 2012,
    month = oct,
   volume = 757,
      eid = {L23},
    pages = {L23},
      doi = {10.1088/2041-8205/757/2/L23},
   adsurl = {http://adsabs.harvard.edu/abs/2012ApJ...757L..23B},
  adsnote = {Provided by the SAO/NASA Astrophysics Data System}
}

@ARTICLE{shimizu12,
   author = {{Shimizu}, I. and {Yoshida}, N. and {Okamoto}, T.},
    title = "{Submillimetre galaxies in cosmological hydrodynamic
simulations: source number counts and the spatial clustering}",
  journal = {\mnras},
archivePrefix = "arXiv",
   eprint = {1207.3856},
 primaryClass = "astro-ph.CO",
 keywords = {galaxies: evolution, galaxies: formation, submillimetre:
galaxies},
     year = 2012,
    month = dec,
   volume = 427,
    pages = {2866-2875},
      doi = {10.1111/j.1365-2966.2012.22107.x},
   adsurl = {http://adsabs.harvard.edu/abs/2012MNRAS.427.2866S},
  adsnote = {Provided by the SAO/NASA Astrophysics Data System}
}

@ARTICLE{hayward13,
   author = {{Hayward}, C.~C. and {Narayanan}, D. and {Kere{\v s}}, D. and
	{Jonsson}, P. and {Hopkins}, P.~F. and {Cox}, T.~J. and {Hernquist},
L.
	},
    title = "{Submillimetre galaxies in a hierarchical universe: number
counts, redshift distribution and implications for the IMF}",
  journal = {\mnras},
archivePrefix = "arXiv",
   eprint = {1209.2413},
 primaryClass = "astro-ph.CO",
 keywords = {radiative transfer, stars: luminosity function, mass function,
galaxies: high-redshift, galaxies: starburst, infrared: galaxies,
submillimetre: galaxies},
     year = 2013,
    month = jan,
   volume = 428,
    pages = {2529-2547},
      doi = {10.1093/mnras/sts222},
   adsurl = {http://adsabs.harvard.edu/abs/2013MNRAS.428.2529H},
  adsnote = {Provided by the SAO/NASA Astrophysics Data System}
}

@ARTICLE{dacunha13,
   author = {{da Cunha}, E. and {Walter}, F. and {Decarli}, R. and
{Bertoldi}, F. and
	{Carilli}, C. and {Daddi}, E. and {Elbaz}, D. and {Ivison}, R. and
	{Maiolino}, R. and {Riechers}, D. and {Rix}, H.-W. and {Sargent}, M.
and
	{Smail}, I. and {Weiss}, A.},
    title = "{Empirical Predictions for (Sub-)millimeter Line and Continuum
Deep Fields}",
  journal = {\apj},
archivePrefix = "arXiv",
   eprint = {1301.3155},
 primaryClass = "astro-ph.CO",
 keywords = {dust, extinction, galaxies: evolution, galaxies: ISM, galaxies:
statistics, submillimeter: galaxies },
     year = 2013,
    month = mar,
   volume = 765,
      eid = {9},
    pages = {9},
      doi = {10.1088/0004-637X/765/1/9},
   adsurl = {http://adsabs.harvard.edu/abs/2013ApJ...765....9D},
  adsnote = {Provided by the SAO/NASA Astrophysics Data System}
}


@ARTICLE{knudsen10,
   author = {{Knudsen}, K.~K. and {Kneib}, J.-P. and {Richard}, J. and
{Petitpas}, G. and
	{Egami}, E.},
    title = "{Physical Properties and Morphology of a Newly Identified
Compact z = 4.04 Lensed Submillimeter Galaxy in Abell 2218}",
  journal = {\apj},
archivePrefix = "arXiv",
   eprint = {0911.2004},
 keywords = {galaxies: high-redshift, galaxies: individual: SMM
J163556+661300, submillimeter: galaxies},
     year = 2010,
    month = jan,
   volume = 709,
    pages = {210-217},
      doi = {10.1088/0004-637X/709/1/210},
   adsurl = {http://adsabs.harvard.edu/abs/2010ApJ...709..210K},
  adsnote = {Provided by the SAO/NASA Astrophysics Data System}
}


@ARTICLE{richard09,
   author = {{Richard}, J. and {Pei}, L. and {Limousin}, M. and {Jullo}, E.
and
	{Kneib}, J.~P.},
    title = "{Keck spectroscopic survey of strongly lensed galaxies in Abell
1703: further evidence of a relaxed, unimodal cluster}",
  journal = {\aap},
archivePrefix = "arXiv",
   eprint = {0901.0427},
 primaryClass = "astro-ph.GA",
 keywords = {galaxies : high-redshift, galaxies: distances and redshifts,
galaxies: clusters: individual: Abell 1703, gravitational lensing},
     year = 2009,
    month = apr,
   volume = 498,
    pages = {37-47},
      doi = {10.1051/0004-6361/200811366},
   adsurl = {http://adsabs.harvard.edu/abs/2009A%26A...498...37R},
  adsnote = {Provided by the SAO/NASA Astrophysics Data System}
}

@ARTICLE{gehrels86,
   author = {{Gehrels}, N.},
    title = "{Confidence limits for small numbers of events in astrophysical
data}",
  journal = {\apj},
 keywords = {Astrophysics, Binomial Theorem, Confidence Limits, Data
Processing, Poisson Density Functions, Approximation, Tables (Data)},
     year = 1986,
    month = apr,
   volume = 303,
    pages = {336-346},
      doi = {10.1086/164079},
   adsurl = {http://adsabs.harvard.edu/abs/1986ApJ...303..336G},
  adsnote = {Provided by the SAO/NASA Astrophysics Data System}
}

@ARTICLE{ouchi13,
   author = {{Ouchi}, M. and {Ellis}, R. and {Ono}, Y. and {Nakanishi}, K.
and
	{Kohno}, K. and {Momose}, R. and {Kurono}, Y. and {Ashby}, M.~L.~N.
and
	{Shimasaku}, K. and {Willner}, S.~P. and {Fazio}, G.~G. and
	{Tamura}, Y. and {Iono}, D.},
    title = "{An Intensely Star-forming Galaxy at z \~{} 7 with Low Dust and
Metal Content Revealed by Deep ALMA and HST Observations}",
  journal = {\apj},
archivePrefix = "arXiv",
   eprint = {1306.3572},
 primaryClass = "astro-ph.CO",
 keywords = {cosmology: observations, galaxies: formation, galaxies:
high-redshift},
     year = 2013,
    month = dec,
   volume = 778,
      eid = {102},
    pages = {102},
      doi = {10.1088/0004-637X/778/2/102},
   adsurl = {http://adsabs.harvard.edu/abs/2013ApJ...778..102O},
  adsnote = {Provided by the SAO/NASA Astrophysics Data System}
}

@ARTICLE{ota14,
   author = {{Ota}, K. and {Walter}, F. and {Ohta}, K. and {Hatsukade}, B.
and
	{Carilli}, C.~L. and {da Cunha}, E. and {Gonz{\'a}lez-L{\'o}pez}, J.
and
	{Decarli}, R. and {Hodge}, J.~A. and {Nagai}, H. and {Egami}, E. and
	{Jiang}, L. and {Iye}, M. and {Kashikawa}, N. and {Riechers}, D.~A.
and
	{Bertoldi}, F. and {Cox}, P. and {Neri}, R. and {Weiss}, A.},
    title = "{ALMA Observation of 158 {$\mu$}m [C II] Line and Dust Continuum
of a z = 7 Normally Star-forming Galaxy in the Epoch of Reionization}",
  journal = {\apj},
archivePrefix = "arXiv",
   eprint = {1405.5387},
 keywords = {cosmology: observations, early universe, galaxies: evolution,
galaxies: formation},
     year = 2014,
    month = sep,
   volume = 792,
      eid = {34},
    pages = {34},
      doi = {10.1088/0004-637X/792/1/34},
   adsurl = {http://adsabs.harvard.edu/abs/2014ApJ...792...34O},
  adsnote = {Provided by the SAO/NASA Astrophysics Data System}
}

@ARTICLE{riechers14a,
   author = {{Riechers}, D.~A. and {Carilli}, C.~L. and {Capak}, P.~L. and
	{Scoville}, N.~Z. and {Smol{\v c}i{\'c}}, V. and {Schinnerer}, E. and
	{Yun}, M. and {Cox}, P. and {Bertoldi}, F. and {Karim}, A. and
	{Yan}, L.},
    title = "{ALMA Imaging of Gas and Dust in a Galaxy Protocluster at
Redshift 5.3: [C II] Emission in ''Typical'' Galaxies and Dusty Starbursts
{\ap}1 Billion Years after the Big Bang}",
  journal = {\apj},
archivePrefix = "arXiv",
   eprint = {1404.7159},
 keywords = {cosmology: observations, galaxies: active, galaxies: formation,
galaxies: high-redshift, galaxies: starburst, radio lines: galaxies},
     year = 2014,
    month = dec,
   volume = 796,
      eid = {84},
    pages = {84},
      doi = {10.1088/0004-637X/796/2/84},
   adsurl = {http://adsabs.harvard.edu/abs/2014ApJ...796...84R},
  adsnote = {Provided by the SAO/NASA Astrophysics Data System}
}

@ARTICLE{cicone15,
   author = {{Cicone}, C. and {Maiolino}, R. and {Gallerani}, S. and {Neri},
R. and
	{Ferrara}, A. and {Sturm}, E. and {Fiore}, F. and {Piconcelli}, E.
and
	{Feruglio}, C.},
    title = "{Very extended cold gas, star formation and outflows in the halo
of a bright quasar at z {\gt} 6}",
  journal = {\aap},
archivePrefix = "arXiv",
   eprint = {1409.4418},
 keywords = {galaxies: general, galaxies: ISM, galaxies: evolution, galaxies:
high-redshift, quasars: general},
     year = 2015,
    month = feb,
   volume = 574,
      eid = {A14},
    pages = {A14},
      doi = {10.1051/0004-6361/201424980},
   adsurl = {http://adsabs.harvard.edu/abs/2015A%26A...574A..14C},
  adsnote = {Provided by the SAO/NASA Astrophysics Data System}
}

@ARTICLE{delooze14,
   author = {{De Looze}, I. and {Cormier}, D. and {Lebouteiller}, V. and
	{Madden}, S. and {Baes}, M. and {Bendo}, G.~J. and {Boquien}, M. and
	{Boselli}, A. and {Clements}, D.~L. and {Cortese}, L. and {Cooray},
A. and
	{Galametz}, M. and {Galliano}, F. and {Graci{\'a}-Carpio}, J. and
	{Isaak}, K. and {Karczewski}, O.~{\L}. and {Parkin}, T.~J. and
	{Pellegrini}, E.~W. and {R{\'e}my-Ruyer}, A. and {Spinoglio}, L. and
	{Smith}, M.~W.~L. and {Sturm}, E.},
    title = "{The applicability of far-infrared fine-structure lines as star
formation rate tracers over wide ranges of metallicities and galaxy types}",
  journal = {\aap},
archivePrefix = "arXiv",
   eprint = {1402.4075},
 keywords = {Galaxy: abundances, galaxies: dwarf, galaxies: ISM, galaxies:
star formation},
     year = 2014,
    month = aug,
   volume = 568,
      eid = {A62},
    pages = {A62},
      doi = {10.1051/0004-6361/201322489},
   adsurl = {http://adsabs.harvard.edu/abs/2014A%26A...568A..62D},
  adsnote = {Provided by the SAO/NASA Astrophysics Data System}
}

@ARTICLE{schaerer15,
   author = {{Schaerer}, D. and {Boone}, F. and {Zamojski}, M. and {Staguhn},
J. and
	{Dessauges-Zavadsky}, M. and {Finkelstein}, S. and {Combes}, F.
	},
    title = "{New constraints on dust emission and UV attenuation of z =
6.5-7.5 galaxies from millimeter observations}",
  journal = {\aap},
archivePrefix = "arXiv",
   eprint = {1407.5793},
 keywords = {galaxies: high-redshift, galaxies: starburst, dust, extinction,
galaxies: ISM, submillimeter: galaxies},
     year = 2015,
    month = feb,
   volume = 574,
      eid = {A19},
    pages = {A19},
      doi = {10.1051/0004-6361/201424649},
   adsurl = {http://adsabs.harvard.edu/abs/2015A%26A...574A..19S},
  adsnote = {Provided by the SAO/NASA Astrophysics Data System}
}

@ARTICLE{gonzalez14,
   author = {{Gonz{\'a}lez-L{\'o}pez}, J. and {Riechers}, D.~A. and
{Decarli}, R. and
	{Walter}, F. and {Vallini}, L. and {Neri}, R. and {Bertoldi}, F. and
	{Bolatto}, A.~D. and {Carilli}, C.~L. and {Cox}, P. and {da Cunha},
E. and
	{Ferrara}, A. and {Gallerani}, S. and {Infante}, L.},
    title = "{Search for [C II] Emission in z = 6.5-11 Star-forming
Galaxies}",
  journal = {\apj},
archivePrefix = "arXiv",
   eprint = {1401.3228},
 primaryClass = "astro-ph.GA",
 keywords = {galaxies: high-redshift, galaxies: individual: IOK-1 SDF
J132415.7+273058 SDF J132408.3+271543 MACS0647-JD, ISM: lines and bands},
     year = 2014,
    month = apr,
   volume = 784,
      eid = {99},
    pages = {99},
      doi = {10.1088/0004-637X/784/2/99},
   adsurl = {http://adsabs.harvard.edu/abs/2014ApJ...784...99G},
  adsnote = {Provided by the SAO/NASA Astrophysics Data System}
}

@ARTICLE{inoue14,
   author = {{Inoue}, A.~K. and {Shimizu}, I. and {Tamura}, Y. and {Matsuo},
H. and
	{Okamoto}, T. and {Yoshida}, N.},
    title = "{ALMA Will Determine the Spectroscopic Redshift z {\gt} 8 with
FIR [O III] Emission Lines}",
  journal = {\apjl},
archivePrefix = "arXiv",
   eprint = {1312.0684},
 keywords = {cosmology: observations, galaxies: evolution, galaxies:
high-redshift},
     year = 2014,
    month = jan,
   volume = 780,
      eid = {L18},
    pages = {L18},
      doi = {10.1088/2041-8205/780/2/L18},
   adsurl = {http://adsabs.harvard.edu/abs/2014ApJ...780L..18I},
  adsnote = {Provided by the SAO/NASA Astrophysics Data System}
}

@ARTICLE{tan13a,
   author = {{Tan}, Q. and {Daddi}, E. and {Sargent}, M. and {Magdis}, G. and
	{Hodge}, J. and {B{\'e}thermin}, M. and {Bournaud}, F. and {Carilli},
C. and
	{Dannerbauer}, H. and {Dickinson}, M. and {Elbaz}, D. and {Gao}, Y.
and
	{Morrison}, G. and {Owen}, F. and {Pannella}, M. and {Riechers}, D.
and
	{Walter}, F.},
    title = "{A Deep Search for Molecular Gas in Two Massive Lyman Break
Galaxies at z = 3 and 4: Vanishing CO-emission Due to Low Metallicity?}",
  journal = {\apjl},
archivePrefix = "arXiv",
   eprint = {1309.5448},
 primaryClass = "astro-ph.CO",
 keywords = {galaxies: evolution, galaxies: high-redshift, galaxies: star
formation},
     year = 2013,
    month = oct,
   volume = 776,
      eid = {L24},
    pages = {L24},
      doi = {10.1088/2041-8205/776/2/L24},
   adsurl = {http://adsabs.harvard.edu/abs/2013ApJ...776L..24T},
  adsnote = {Provided by the SAO/NASA Astrophysics Data System}
}

@ARTICLE{fisher14,
   author = {{Fisher}, D.~B. and {Bolatto}, A.~D. and {Herrera-Camus}, R. and
	{Draine}, B.~T. and {Donaldson}, J. and {Walter}, F. and {Sandstrom},
K.~M. and
	{Leroy}, A.~K. and {Cannon}, J. and {Gordon}, K.},
    title = "{The rarity of dust in metal-poor galaxies}",
  journal = {\nat},
     year = 2014,
    month = jan,
   volume = 505,
    pages = {186-189},
      doi = {10.1038/nature12765},
   adsurl = {http://adsabs.harvard.edu/abs/2014Natur.505..186F},
  adsnote = {Provided by the SAO/NASA Astrophysics Data System}
}

@ARTICLE{swinbank12,
   author = {{Swinbank}, A.~M. and {Karim}, A. and {Smail}, I. and {Hodge},
J. and
	{Walter}, F. and {Bertoldi}, F. and {Biggs}, A.~D. and {de Breuck},
C. and
	{Chapman}, S.~C. and {Coppin}, K.~E.~K. and {Cox}, P. and
{Danielson}, A.~L.~R. and
	{Dannerbauer}, H. and {Ivison}, R.~J. and {Greve}, T.~R. and
	{Knudsen}, K.~K. and {Menten}, K.~M. and {Simpson}, J.~M. and
	{Schinnerer}, E. and {Wardlow}, J.~L. and {Wei{\ss}}, A. and
	{van der Werf}, P.},
    title = "{An ALMA survey of submillimetre galaxies in the Extended
Chandra Deep Field-South: detection of [C II] at z = 4.4}",
  journal = {\mnras},
 keywords = {galaxies: evolution, galaxies: high-redshift, galaxies:
starburst},
     year = 2012,
    month = dec,
   volume = 427,
    pages = {1066-1074},
      doi = {10.1111/j.1365-2966.2012.22048.x},
   adsurl = {http://adsabs.harvard.edu/abs/2012MNRAS.427.1066S},
  adsnote = {Provided by the SAO/NASA Astrophysics Data System}
}

@ARTICLE{brisbin15,
   author = {{Brisbin}, D. and {Ferkinhoff}, C. and {Nikola}, T. and
{Parshley}, S. and
	{Stacey}, G.~J. and {Spoon}, H. and {Hailey-Dunsheath}, S. and
	{Verma}, A.},
    title = "{Strong C$^{+}$ Emission in Galaxies at z \~{} 1-2: Evidence for
Cold Flow Accretion Powered Star Formation in the Early Universe}",
  journal = {\apj},
archivePrefix = "arXiv",
   eprint = {1411.1332},
 keywords = {galaxies: evolution, galaxies: high-redshift, galaxies: ISM,
galaxies: star formation, photon-dominated region: PDR, submillimeter:
galaxies},
     year = 2015,
    month = jan,
   volume = 799,
      eid = {13},
    pages = {13},
      doi = {10.1088/0004-637X/799/1/13},
   adsurl = {http://adsabs.harvard.edu/abs/2015ApJ...799...13B},
  adsnote = {Provided by the SAO/NASA Astrophysics Data System}
}

@ARTICLE{magdis14,
   author = {{Magdis}, G.~E. and {Rigopoulou}, D. and {Hopwood}, R. and
{Huang}, J.-S. and
	{Farrah}, D. and {Pearson}, C. and {Alonso-Herrero}, A. and
	{Bock}, J.~J. and {Clements}, D. and {Cooray}, A. and {Griffin},
M.~J. and
	{Oliver}, S. and {Perez Fournon}, I. and {Riechers}, D. and
	{Swinyard}, B.~M. and {Scott}, D. and {Thatte}, N. and {Valtchanov},
I. and
	{Vaccari}, M.},
    title = "{A Far-infrared Spectroscopic Survey of Intermediate Redshift
(Ultra) Luminous Infrared Galaxies}",
  journal = {\apj},
archivePrefix = "arXiv",
   eprint = {1409.5605},
 keywords = {galaxies: evolution, galaxies: star formation, gamma rays: ISM,
infrared: galaxies, infrared: general},
     year = 2014,
    month = nov,
   volume = 796,
      eid = {63},
    pages = {63},
      doi = {10.1088/0004-637X/796/1/63},
   adsurl = {http://adsabs.harvard.edu/abs/2014ApJ...796...63M},
  adsnote = {Provided by the SAO/NASA Astrophysics Data System}
}

@ARTICLE{sargsyan14,
   author = {{Sargsyan}, L. and {Samsonyan}, A. and {Lebouteiller}, V. and
	{Weedman}, D. and {Barry}, D. and {Bernard-Salas}, J. and {Houck}, J.
and
	{Spoon}, H.},
    title = "{Star Formation Rates from [C II] 158 {$\mu$}m and Mid-infrared
Emission Lines for Starbursts and Active Galactic Nuclei}",
  journal = {\apj},
archivePrefix = "arXiv",
   eprint = {1405.5759},
 keywords = {galaxies: active, galaxies: distances and redshifts, galaxies:
starburst, infrared: galaxies},
     year = 2014,
    month = jul,
   volume = 790,
      eid = {15},
    pages = {15},
      doi = {10.1088/0004-637X/790/1/15},
   adsurl = {http://adsabs.harvard.edu/abs/2014ApJ...790...15S},
  adsnote = {Provided by the SAO/NASA Astrophysics Data System}
}

@ARTICLE{diazsantos14,
   author = {{D{\'{\i}}az-Santos}, T. and {Armus}, L. and {Charmandaris}, V.
and
	{Stacey}, G. and {Murphy}, E.~J. and {Haan}, S. and {Stierwalt}, S.
and
	{Malhotra}, S. and {Appleton}, P. and {Inami}, H. and {Magdis}, G.~E.
and
	{Elbaz}, D. and {Evans}, A.~S. and {Mazzarella}, J.~M. and {Surace},
J.~A. and
	{van der Werf}, P.~P. and {Xu}, C.~K. and {Lu}, N. and {Meijerink},
R. and
	{Howell}, J.~H. and {Petric}, A.~O. and {Veilleux}, S. and {Sanders},
D.~B.
	},
    title = "{Extended [C II] Emission in Local Luminous Infrared Galaxies}",
  journal = {\apjl},
archivePrefix = "arXiv",
   eprint = {1405.3983},
 keywords = {galaxies: ISM, galaxies: nuclei, galaxies: starburst, infrared:
galaxies},
     year = 2014,
    month = jun,
   volume = 788,
      eid = {L17},
    pages = {L17},
      doi = {10.1088/2041-8205/788/1/L17},
   adsurl = {http://adsabs.harvard.edu/abs/2014ApJ...788L..17D},
  adsnote = {Provided by the SAO/NASA Astrophysics Data System}
}

@ARTICLE{debreuck14,
   author = {{De Breuck}, C. and {Williams}, R.~J. and {Swinbank}, M. and
	{Caselli}, P. and {Coppin}, K. and {Davis}, T.~A. and {Maiolino}, R.
and
	{Nagao}, T. and {Smail}, I. and {Walter}, F. and {Wei{\ss}}, A. and
	{Zwaan}, M.~A.},
    title = "{ALMA resolves turbulent, rotating [CII] emission in a young
starburst galaxy at z = 4.8}",
  journal = {\aap},
archivePrefix = "arXiv",
   eprint = {1404.2295},
 keywords = {galaxies: high-redshift, galaxies: starburst, galaxies:
kinematics and dynamics, galaxies: ISM},
     year = 2014,
    month = may,
   volume = 565,
      eid = {A59},
    pages = {A59},
      doi = {10.1051/0004-6361/201323331},
   adsurl = {http://adsabs.harvard.edu/abs/2014A%26A...565A..59D},
  adsnote = {Provided by the SAO/NASA Astrophysics Data System}
}

@ARTICLE{rawle14,
   author = {{Rawle}, T.~D. and {Egami}, E. and {Bussmann}, R.~S. and
{Gurwell}, M. and
	{Ivison}, R.~J. and {Boone}, F. and {Combes}, F. and {Danielson},
A.~L.~R. and
	{Rex}, M. and {Richard}, J. and {Smail}, I. and {Swinbank}, A.~M. and
	{Altieri}, B. and {Blain}, A.~W. and {Clement}, B. and
{Dessauges-Zavadsky}, M. and
	{Edge}, A.~C. and {Fazio}, G.~G. and {Jones}, T. and {Kneib}, J.-P.
and
	{Omont}, A. and {P{\'e}rez-Gonz{\'a}lez}, P.~G. and {Schaerer}, D.
and
	{Valtchanov}, I. and {van der Werf}, P.~P. and {Walth}, G. and
	{Zamojski}, M. and {Zemcov}, M.},
    title = "{[C II] and $^{12}$CO(1-0) Emission Maps in HLSJ091828.6+514223:
A Strongly Lensed Interacting System at z = 5.24}",
  journal = {\apj},
archivePrefix = "arXiv",
   eprint = {1310.4090},
 primaryClass = "astro-ph.CO",
 keywords = {galaxies: high-redshift, galaxies: star formation,
submillimeter: galaxies},
     year = 2014,
    month = mar,
   volume = 783,
      eid = {59},
    pages = {59},
      doi = {10.1088/0004-637X/783/1/59},
   adsurl = {http://adsabs.harvard.edu/abs/2014ApJ...783...59R},
  adsnote = {Provided by the SAO/NASA Astrophysics Data System}
}

@ARTICLE{decarli14,
   author = {{Decarli}, R. and {Walter}, F. and {Carilli}, C. and {Bertoldi},
F. and
	{Cox}, P. and {Ferkinhoff}, C. and {Groves}, B. and {Maiolino}, R.
and
	{Neri}, R. and {Riechers}, D. and {Weiss}, A.},
    title = "{Varying [C II]/[N II] Line Ratios in the Interacting System
BR1202-0725 at z = 4.7}",
  journal = {\apjl},
archivePrefix = "arXiv",
   eprint = {1401.5076},
 keywords = {galaxies: evolution, galaxies: ISM, galaxies: star formation,
instrumentation: interferometers, submillimeter: galaxies},
     year = 2014,
    month = feb,
   volume = 782,
      eid = {L17},
    pages = {L17},
      doi = {10.1088/2041-8205/782/2/L17},
   adsurl = {http://adsabs.harvard.edu/abs/2014ApJ...782L..17D},
  adsnote = {Provided by the SAO/NASA Astrophysics Data System}
}

@ARTICLE{nagao12,
   author = {{Nagao}, T. and {Maiolino}, R. and {De Breuck}, C. and
{Caselli}, P. and
	{Hatsukade}, B. and {Saigo}, K.},
    title = "{ALMA reveals a chemically evolved submillimeter galaxy at z =
4.76}",
  journal = {\aap},
archivePrefix = "arXiv",
   eprint = {1205.4834},
 primaryClass = "astro-ph.CO",
 keywords = {galaxies: high-redshift, galaxies: individual: LESS J033229.4,
275619, submillimeter: galaxies, submillimeter: ISM},
     year = 2012,
    month = jun,
   volume = 542,
      eid = {L34},
    pages = {L34},
      doi = {10.1051/0004-6361/201219518},
   adsurl = {http://adsabs.harvard.edu/abs/2012A%26A...542L..34N},
  adsnote = {Provided by the SAO/NASA Astrophysics Data System}
}

@ARTICLE{neri14,
   author = {{Neri}, R. and {Downes}, D. and {Cox}, P. and {Walter}, F.},
    title = "{High-resolution C$^{+}$ imaging of HDF850.1 reveals a merging
galaxy at z = 5.185}",
  journal = {\aap},
archivePrefix = "arXiv",
   eprint = {1401.2396},
 primaryClass = "astro-ph.GA",
 keywords = {galaxies: high-redshift, galaxies: kinematics and dynamics,
galaxies: ISM, galaxies: individual: HDF850.1},
     year = 2014,
    month = feb,
   volume = 562,
      eid = {A35},
    pages = {A35},
      doi = {10.1051/0004-6361/201322528},
   adsurl = {http://adsabs.harvard.edu/abs/2014A%26A...562A..35N},
  adsnote = {Provided by the SAO/NASA Astrophysics Data System}
}

@ARTICLE{ferkinhoff14,
   author = {{Ferkinhoff}, C. and {Brisbin}, D. and {Parshley}, S. and
{Nikola}, T. and
	{Stacey}, G.~J. and {Schoenwald}, J. and {Higdon}, J.~L. and
	{Higdon}, S.~J.~U. and {Verma}, A. and {Riechers}, D. and
{Hailey-Dunsheath}, S. and
	{Menten}, K.~M. and {G{\"u}sten}, R. and {Wei{\ss}}, A. and
	{Irwin}, K. and {Cho}, H.~M. and {Niemack}, M. and {Halpern}, M. and
	{Amiri}, M. and {Hasselfield}, M. and {Wiebe}, D.~V. and {Ade},
P.~A.~R. and
	{Tucker}, C.~E.},
    title = "{The Second-generation z (Redshift) and Early Universe
Spectrometer. I. First-light Observation of a Highly Lensed Local-ulirg
Analog at High-z}",
  journal = {\apj},
archivePrefix = "arXiv",
   eprint = {1311.1515},
 primaryClass = "astro-ph.CO",
 keywords = {galaxies: active, galaxies: high-redshift, galaxies: individual:
H-ATLAS J091043.1-000322, galaxies: starburst, submillimeter: galaxies},
     year = 2014,
    month = jan,
   volume = 780,
      eid = {142},
    pages = {142},
      doi = {10.1088/0004-637X/780/2/142},
   adsurl = {http://adsabs.harvard.edu/abs/2014ApJ...780..142F},
  adsnote = {Provided by the SAO/NASA Astrophysics Data System}
}


@ARTICLE{wang13,
   author = {{Wang}, R. and {Wagg}, J. and {Carilli}, C.~L. and {Walter}, F.
and
	{Lentati}, L. and {Fan}, X. and {Riechers}, D.~A. and {Bertoldi}, F.
and
	{Narayanan}, D. and {Strauss}, M.~A. and {Cox}, P. and {Omont}, A.
and
	{Menten}, K.~M. and {Knudsen}, K.~K. and {Neri}, R. and {Jiang}, L.
	},
    title = "{Star Formation and Gas Kinematics of Quasar Host Galaxies at z
\~{} 6: New Insights from ALMA}",
  journal = {\apj},
archivePrefix = "arXiv",
   eprint = {1302.4154},
 primaryClass = "astro-ph.CO",
 keywords = {galaxies: evolution, galaxies: high-redshift, galaxies:
starburst, quasars: general, submillimeter: galaxies},
     year = 2013,
    month = aug,
   volume = 773,
      eid = {44},
    pages = {44},
      doi = {10.1088/0004-637X/773/1/44},
   adsurl = {http://adsabs.harvard.edu/abs/2013ApJ...773...44W},
  adsnote = {Provided by the SAO/NASA Astrophysics Data System}
}

@ARTICLE{valtchanov11,
   author = {{Valtchanov}, I. and {Virdee}, J. and {Ivison}, R.~J. and
{Swinyard}, B. and
	{van der Werf}, P. and {Rigopoulou}, D. and {da Cunha}, E. and
	{Lupu}, R. and {Benford}, D.~J. and {Riechers}, D. and {Smail}, I.
and
	{Jarvis}, M. and {Pearson}, C. and {Gomez}, H. and {Hopwood}, R. and
	{Altieri}, B. and {Birkinshaw}, M. and {Coia}, D. and {Conversi}, L.
and
	{Cooray}, A. and {de Zotti}, G. and {Dunne}, L. and {Frayer}, D. and
	{Leeuw}, L. and {Marston}, A. and {Negrello}, M. and {Portal}, M.~S.
and
	{Scott}, D. and {Thompson}, M.~A. and {Vaccari}, M. and {Baes}, M.
and
	{Clements}, D. and {Micha{\l}owski}, M.~J. and {Dannerbauer}, H. and
	{Serjeant}, S. and {Auld}, R. and {Buttiglione}, S. and {Cava}, A.
and
	{Dariush}, A. and {Dye}, S. and {Eales}, S. and {Fritz}, J. and
	{Ibar}, E. and {Maddox}, S. and {Pascale}, E. and {Pohlen}, M. and
	{Rigby}, E. and {Rodighiero}, G. and {Smith}, D.~J.~B. and {Temi}, P.
and
	{Carpenter}, J. and {Bolatto}, A. and {Gurwell}, M. and {Vieira},
J.~D.
	},
    title = "{Physical conditions of the interstellar medium of
high-redshift, strongly lensed submillimetre galaxies from the
Herschel-ATLAS}",
  journal = {\mnras},
archivePrefix = "arXiv",
   eprint = {1105.3924},
 primaryClass = "astro-ph.CO",
 keywords = {galaxies: evolution, galaxies: individual: SDP.81: H-ATLAS
J090311.6+003906, galaxies: individual: SDP.130: H-ATLAS J091305.0-005343,
infrared: galaxies, radio continuum: galaxies, submillimetre: ISM},
     year = 2011,
    month = aug,
   volume = 415,
    pages = {3473-3484},
      doi = {10.1111/j.1365-2966.2011.18959.x},
   adsurl = {http://adsabs.harvard.edu/abs/2011MNRAS.415.3473V},
  adsnote = {Provided by the SAO/NASA Astrophysics Data System}
}


@ARTICLE{cox11,
   author = {{Cox}, P. and {Krips}, M. and {Neri}, R. and {Omont}, A. and
	{G{\"u}sten}, R. and {Menten}, K.~M. and {Wyrowski}, F. and
	{Wei{\ss}}, A. and {Beelen}, A. and {Gurwell}, M.~A. and
{Dannerbauer}, H. and
	{Ivison}, R.~J. and {Negrello}, M. and {Aretxaga}, I. and {Hughes},
D.~H. and
	{Auld}, R. and {Baes}, M. and {Blundell}, R. and {Buttiglione}, S.
and
	{Cava}, A. and {Cooray}, A. and {Dariush}, A. and {Dunne}, L. and
	{Dye}, S. and {Eales}, S.~A. and {Frayer}, D. and {Fritz}, J. and
	{Gavazzi}, R. and {Hopwood}, R. and {Ibar}, E. and {Jarvis}, M. and
	{Maddox}, S. and {Micha{\l}owski}, M. and {Pascale}, E. and
	{Pohlen}, M. and {Rigby}, E. and {Smith}, D.~J.~B. and {Swinbank},
A.~M. and
	{Temi}, P. and {Valtchanov}, I. and {van der Werf}, P. and {de
Zotti}, G.
	},
    title = "{Gas and Dust in a Submillimeter Galaxy at z = 4.24 from the
Herschel Atlas}",
  journal = {\apj},
archivePrefix = "arXiv",
   eprint = {1107.2924},
 keywords = {galaxies: active, galaxies: evolution, galaxies: high-redshift,
galaxies: individual: ID 141, galaxies: starburst, submillimeter: galaxies},
     year = 2011,
    month = oct,
   volume = 740,
      eid = {63},
    pages = {63},
      doi = {10.1088/0004-637X/740/2/63},
   adsurl = {http://adsabs.harvard.edu/abs/2011ApJ...740...63C},
  adsnote = {Provided by the SAO/NASA Astrophysics Data System}
}


@ARTICLE{wagg10,
   author = {{Wagg}, J. and {Carilli}, C.~L. and {Wilner}, D.~J. and {Cox},
P. and
	{De Breuck}, C. and {Menten}, K. and {Riechers}, D.~A. and {Walter},
F.
	},
    title = "{[CII] line emission in BRI 1335-0417 at z = 4.4}",
  journal = {\aap},
archivePrefix = "arXiv",
   eprint = {1008.1578},
 keywords = {galaxies: high-redshift, galaxies: ISM},
     year = 2010,
    month = sep,
   volume = 519,
      eid = {L1},
    pages = {L1},
      doi = {10.1051/0004-6361/201015424},
   adsurl = {http://adsabs.harvard.edu/abs/2010A%26A...519L...1W},
  adsnote = {Provided by the SAO/NASA Astrophysics Data System}
}


@ARTICLE{wagg12,
   author = {{Wagg}, J. and {Wiklind}, T. and {Carilli}, C.~L. and {Espada},
D. and
	{Peck}, A. and {Riechers}, D. and {Walter}, F. and {Wootten}, A. and
	{Aravena}, M. and {Barkats}, D. and {Cortes}, J.~R. and {Hills}, R.
and
	{Hodge}, J. and {Impellizzeri}, C.~M.~V. and {Iono}, D. and
	{Leroy}, A. and {Mart{\'{\i}}n}, S. and {Rawlings}, M.~G. and
	{Maiolino}, R. and {McMahon}, R.~G. and {Scott}, K.~S. and {Villard},
E. and
	{Vlahakis}, C.},
    title = "{[C II] Line Emission in Massive Star-forming Galaxies at z =
4.7}",
  journal = {\apjl},
archivePrefix = "arXiv",
   eprint = {1205.3498},
 keywords = {cosmology: observations, early universe, galaxies: evolution,
galaxies: formation, galaxies: high-redshift},
     year = 2012,
    month = jun,
   volume = 752,
      eid = {L30},
    pages = {L30},
      doi = {10.1088/2041-8205/752/2/L30},
   adsurl = {http://adsabs.harvard.edu/abs/2012ApJ...752L..30W},
  adsnote = {Provided by the SAO/NASA Astrophysics Data System}
}


@ARTICLE{walter12,
   author = {{Walter}, F. and {Decarli}, R. and {Carilli}, C. and {Bertoldi},
F. and
	{Cox}, P. and {da Cunha}, E. and {Daddi}, E. and {Dickinson}, M. and
	{Downes}, D. and {Elbaz}, D. and {Ellis}, R. and {Hodge}, J. and
	{Neri}, R. and {Riechers}, D.~A. and {Weiss}, A. and {Bell}, E. and
	{Dannerbauer}, H. and {Krips}, M. and {Krumholz}, M. and {Lentati},
L. and
	{Maiolino}, R. and {Menten}, K. and {Rix}, H.-W. and {Robertson}, B.
and
	{Spinrad}, H. and {Stark}, D.~P. and {Stern}, D.},
    title = "{The intense starburst HDF{\thinsp}850.1 in a galaxy overdensity
at z{\thinsp}{\ap}{\thinsp}5.2 in the Hubble Deep Field}",
  journal = {\nat},
archivePrefix = "arXiv",
   eprint = {1206.2641},
     year = 2012,
    month = jun,
   volume = 486,
    pages = {233-236},
      doi = {10.1038/nature11073},
   adsurl = {http://adsabs.harvard.edu/abs/2012Natur.486..233W},
  adsnote = {Provided by the SAO/NASA Astrophysics Data System}
}

@ARTICLE{riechers13,
   author = {{Riechers}, D.~A. and {Bradford}, C.~M. and {Clements}, D.~L.
and
	{Dowell}, C.~D. and {P{\'e}rez-Fournon}, I. and {Ivison}, R.~J. and
	{Bridge}, C. and {Conley}, A. and {Fu}, H. and {Vieira}, J.~D. and
	{Wardlow}, J. and {Calanog}, J. and {Cooray}, A. and {Hurley}, P. and
	{Neri}, R. and {Kamenetzky}, J. and {Aguirre}, J.~E. and {Altieri},
B. and
	{Arumugam}, V. and {Benford}, D.~J. and {B{\'e}thermin}, M. and
	{Bock}, J. and {Burgarella}, D. and {Cabrera-Lavers}, A. and
	{Chapman}, S.~C. and {Cox}, P. and {Dunlop}, J.~S. and {Earle}, L.
and
	{Farrah}, D. and {Ferrero}, P. and {Franceschini}, A. and {Gavazzi},
R. and
	{Glenn}, J. and {Solares}, E.~A.~G. and {Gurwell}, M.~A. and
	{Halpern}, M. and {Hatziminaoglou}, E. and {Hyde}, A. and {Ibar}, E.
and
	{Kov{\'a}cs}, A. and {Krips}, M. and {Lupu}, R.~E. and {Maloney},
P.~R. and
	{Martinez-Navajas}, P. and {Matsuhara}, H. and {Murphy}, E.~J. and
	{Naylor}, B.~J. and {Nguyen}, H.~T. and {Oliver}, S.~J. and
	{Omont}, A. and {Page}, M.~J. and {Petitpas}, G. and {Rangwala}, N.
and
	{Roseboom}, I.~G. and {Scott}, D. and {Smith}, A.~J. and {Staguhn},
J.~G. and
	{Streblyanska}, A. and {Thomson}, A.~P. and {Valtchanov}, I. and
	{Viero}, M. and {Wang}, L. and {Zemcov}, M. and {Zmuidzinas}, J.
	},
    title = "{A dust-obscured massive maximum-starburst galaxy at a redshift
of 6.34}",
  journal = {\nat},
archivePrefix = "arXiv",
   eprint = {1304.4256},
 primaryClass = "astro-ph.CO",
     year = 2013,
    month = apr,
   volume = 496,
    pages = {329-333},
      doi = {10.1038/nature12050},
   adsurl = {http://adsabs.harvard.edu/abs/2013Natur.496..329R},
  adsnote = {Provided by the SAO/NASA Astrophysics Data System}
}


@ARTICLE{maiolino05,
   author = {{Maiolino}, R. and {Cox}, P. and {Caselli}, P. and {Beelen}, A.
and
	{Bertoldi}, F. and {Carilli}, C.~L. and {Kaufman}, M.~J. and
	{Menten}, K.~M. and {Nagao}, T. and {Omont}, A. and {Wei{\ss}}, A.
and
	{Walmsley}, C.~M. and {Walter}, F.},
    title = "{First detection of [CII]158 {$\mu$}m at high redshift: vigorous
star formation in the early universe}",
  journal = {\aap},
   eprint = {astro-ph/0508064},
 keywords = {galaxies: high redshift, galaxies: ISM, quasars: individual:
J114816.64+525150.3, infrared: galaxies, submillimeter, ISM: abundances},
     year = 2005,
    month = sep,
   volume = 440,
    pages = {L51-L54},
      doi = {10.1051/0004-6361:200500165},
   adsurl = {http://adsabs.harvard.edu/abs/2005A%26A...440L..51M},
  adsnote = {Provided by the SAO/NASA Astrophysics Data System}
}


@ARTICLE{maiolino15,
   author = {{Maiolino}, R. and {Carniani}, S. and {Fontana}, A. and
{Vallini}, L. and
	{Pentericci}, L. and {Ferrara}, A. and {Vanzella}, E. and {Grazian},
A. and
	{Gallerani}, S. and {Castellano}, M. and {Cristiani}, S. and
	{Brammer}, G. and {Santini}, P. and {Wagg}, J. and {Williams}, R.
	},
    title = "{The assembly of `normal' galaxies at z {\tilde} 7 probed by
ALMA}",
  journal = {\mnras},
archivePrefix = "arXiv",
   eprint = {1502.06634},
 keywords = {galaxies: evolution, galaxies: formation, galaxies:
high-redshift, galaxies: ISM, galaxies: star formation},
     year = 2015,
    month = sep,
   volume = 452,
    pages = {54-68},
      doi = {10.1093/mnras/stv1194},
   adsurl = {http://adsabs.harvard.edu/abs/2015MNRAS.452...54M},
  adsnote = {Provided by the SAO/NASA Astrophysics Data System}
}


@ARTICLE{capak15,
   author = {{Capak}, P.~L. and {Carilli}, C. and {Jones}, G. and {Casey},
C.~M. and
	{Riechers}, D. and {Sheth}, K. and {Carollo}, C.~M. and {Ilbert}, O.
and
	{Karim}, A. and {Lefevre}, O. and {Lilly}, S. and {Scoville}, N. and
	{Smolcic}, V. and {Yan}, L.},
    title = "{Galaxies at redshifts 5 to 6 with systematically low dust
content and high [C II] emission}",
  journal = {\nat},
archivePrefix = "arXiv",
   eprint = {1503.07596},
     year = 2015,
    month = jun,
   volume = 522,
    pages = {455-458},
      doi = {10.1038/nature14500},
   adsurl = {http://adsabs.harvard.edu/abs/2015Natur.522..455C},
  adsnote = {Provided by the SAO/NASA Astrophysics Data System}
}


@ARTICLE{stacey10,
   author = {{Stacey}, G.~J. and {Hailey-Dunsheath}, S. and {Ferkinhoff}, C.
and
	{Nikola}, T. and {Parshley}, S.~C. and {Benford}, D.~J. and
	{Staguhn}, J.~G. and {Fiolet}, N.},
    title = "{A 158 {$\mu$}m [C II] Line Survey of Galaxies at z \~{} 1-2: An
Indicator of Star Formation in the Early Universe}",
  journal = {\apj},
archivePrefix = "arXiv",
   eprint = {1009.4216},
 keywords = {galaxies: active, galaxies: high-redshift, galaxies: ISM,
galaxies: starburst, infrared: galaxies, submillimeter: galaxies},
     year = 2010,
    month = dec,
   volume = 724,
    pages = {957-974},
      doi = {10.1088/0004-637X/724/2/957},
   adsurl = {http://adsabs.harvard.edu/abs/2010ApJ...724..957S},
  adsnote = {Provided by the SAO/NASA Astrophysics Data System}
}

@ARTICLE{haileydunsheath10,
   author = {{Hailey-Dunsheath}, S. and {Nikola}, T. and {Stacey}, G.~J. and
	{Oberst}, T.~E. and {Parshley}, S.~C. and {Benford}, D.~J. and
	{Staguhn}, J.~G. and {Tucker}, C.~E.},
    title = "{Detection of the 158 {$\mu$}m [C II] Transition at z = 1.3:
Evidence for a Galaxy-wide Starburst}",
  journal = {\apjl},
archivePrefix = "arXiv",
   eprint = {1003.2174},
 keywords = {galaxies: high-redshift, galaxies: individual: MIPS
J142824.0+352619, galaxies: ISM, galaxies: starburst, infrared: galaxies,
submillimeter: general},
     year = 2010,
    month = may,
   volume = 714,
    pages = {L162-L166},
      doi = {10.1088/2041-8205/714/1/L162},
   adsurl = {http://adsabs.harvard.edu/abs/2010ApJ...714L.162H},
  adsnote = {Provided by the SAO/NASA Astrophysics Data System}
}


@ARTICLE{iono06,
   author = {{Iono}, D. and {Yun}, M.~S. and {Elvis}, M. and {Peck}, A.~B.
and
	{Ho}, P.~T.~P. and {Wilner}, D.~J. and {Hunter}, T.~R. and
{Matsushita}, S. and
	{Muller}, S.},
    title = "{A Detection of [C II] Line Emission in the z = 4.7 QSO BR
1202-0725}",
  journal = {\apjl},
   eprint = {astro-ph/0606043},
 keywords = {Cosmology: Observations, Galaxies: Formation, Galaxies:
High-Redshift, galaxies: individual (BR 1202-0725), Galaxies: Starburst,
Submillimeter},
     year = 2006,
    month = jul,
   volume = 645,
    pages = {L97-L100},
      doi = {10.1086/506344},
   adsurl = {http://adsabs.harvard.edu/abs/2006ApJ...645L..97I},
  adsnote = {Provided by the SAO/NASA Astrophysics Data System}
}


@ARTICLE{stacey91,
   author = {{Stacey}, G.~J. and {Geis}, N. and {Genzel}, R. and {Lugten},
J.~B. and
	{Poglitsch}, A. and {Sternberg}, A. and {Townes}, C.~H.},
    title = "{The 158 micron C II line - A measure of global star formation
activity in galaxies}",
  journal = {\apj},
 keywords = {Fine Structure, Galactic Nuclei, Galaxies, Ionized Gases,
Molecular Clouds, Star Formation, Cosmic Gases, Far Infrared Radiation, Gas
Temperature, Line Spectra, Luminosity, Molecular Gases},
     year = 1991,
    month = jun,
   volume = 373,
    pages = {423-444},
      doi = {10.1086/170062},
   adsurl = {http://adsabs.harvard.edu/abs/1991ApJ...373..423S},
  adsnote = {Provided by the SAO/NASA Astrophysics Data System}
}

@ARTICLE{Luhman03,
   author = {{Luhman}, M.~L. and {Satyapal}, S. and {Fischer}, J. and
{Wolfire}, M.~G. and
	{Sturm}, E. and {Dudley}, C.~C. and {Lutz}, D. and {Genzel}, R.
	},
    title = "{The [C II] 158 Micron Line Deficit in Ultraluminous Infrared
Galaxies Revisited}",
  journal = {\apj},
   eprint = {astro-ph/0305520},
 keywords = {Galaxies: High-Redshift, Galaxies: ISM, Galaxies: Starburst,
Infrared: Galaxies, ISM: Lines and Bands},
     year = 2003,
    month = sep,
   volume = 594,
    pages = {758-775},
      doi = {10.1086/376965},
   adsurl = {http://adsabs.harvard.edu/abs/2003ApJ...594..758L},
  adsnote = {Provided by the SAO/NASA Astrophysics Data System}
}

@ARTICLE{debreuck11,
   author = {{De Breuck}, C. and {Maiolino}, R. and {Caselli}, P. and
{Coppin}, K. and
	{Hailey-Dunsheath}, S. and {Nagao}, T.},
    title = "{Enhanced [CII] emission in a z = 4.76 submillimetre galaxy}",
  journal = {\aap},
archivePrefix = "arXiv",
   eprint = {1104.5250},
 keywords = {galaxies: high-redshift, galaxies: ISM, submillimeter: galaxies,
infrared: galaxies},
     year = 2011,
    month = jun,
   volume = 530,
      eid = {L8},
    pages = {L8},
      doi = {10.1051/0004-6361/201116868},
   adsurl = {http://adsabs.harvard.edu/abs/2011A%26A...530L...8D},
  adsnote = {Provided by the SAO/NASA Astrophysics Data System}
}


@ARTICLE{willott13,
   author = {{Willott}, C.~J. and {Omont}, A. and {Bergeron}, J.},
    title = "{Redshift 6.4 Host Galaxies of 10$^{8}$ Solar Mass Black Holes:
Low Star Formation Rate and Dynamical Mass}",
  journal = {\apj},
archivePrefix = "arXiv",
   eprint = {1302.1587},
 keywords = {cosmology: observations, galaxies: evolution, galaxies:
high-redshift, quasars: general},
     year = 2013,
    month = jun,
   volume = 770,
      eid = {13},
    pages = {13},
      doi = {10.1088/0004-637X/770/1/13},
   adsurl = {http://adsabs.harvard.edu/abs/2013ApJ...770...13W},
  adsnote = {Provided by the SAO/NASA Astrophysics Data System}
}


@ARTICLE{kanekar13,
   author = {{Kanekar}, N. and {Wagg}, J. and {Ram Chary}, R. and {Carilli},
C.~L.
	},
    title = "{A Search for C II 158 {$\mu$}m Line Emission in HCM 6A, a
Ly{$\alpha$} Emitter at z = 6.56}",
  journal = {\apjl},
archivePrefix = "arXiv",
   eprint = {1305.6469},
 keywords = {cosmology: observations, galaxies: evolution, galaxies:
formation, infrared: galaxies},
     year = 2013,
    month = jul,
   volume = 771,
      eid = {L20},
    pages = {L20},
      doi = {10.1088/2041-8205/771/2/L20},
   adsurl = {http://adsabs.harvard.edu/abs/2013ApJ...771L..20K},
  adsnote = {Provided by the SAO/NASA Astrophysics Data System}
}

@ARTICLE{willott15a,
   author = {{Willott}, C.~J. and {Bergeron}, J. and {Omont}, A.},
    title = "{Star Formation Rate and Dynamical Mass of 10$^{8}$ Solar Mass
Black Hole Host Galaxies At Redshift 6}",
  journal = {\apj},
archivePrefix = "arXiv",
   eprint = {1501.07538},
 keywords = {cosmology: observations, galaxies: evolution, galaxies:
high-redshift, quasars: general},
     year = 2015,
    month = mar,
   volume = 801,
      eid = {123},
    pages = {123},
      doi = {10.1088/0004-637X/801/2/123},
   adsurl = {http://adsabs.harvard.edu/abs/2015ApJ...801..123W},
  adsnote = {Provided by the SAO/NASA Astrophysics Data System}
}

@ARTICLE{willott15b,
   author = {{Willott}, C.~J. and {Carilli}, C.~L. and {Wagg}, J. and {Wang},
R.
	},
    title = "{Star Formation and the Interstellar Medium in z {\gt} 6
UV-luminous Lyman-break Galaxies}",
  journal = {\apj},
archivePrefix = "arXiv",
   eprint = {1504.05875},
 keywords = {cosmology: observations, galaxies: evolution, galaxies:
formation, galaxies: high-redshift},
     year = 2015,
    month = jul,
   volume = 807,
      eid = {180},
    pages = {180},
      doi = {10.1088/0004-637X/807/2/180},
   adsurl = {http://adsabs.harvard.edu/abs/2015ApJ...807..180W},
  adsnote = {Provided by the SAO/NASA Astrophysics Data System}
}

@ARTICLE{magdis14,
   author = {{Magdis}, G.~E. and {Rigopoulou}, D. and {Hopwood}, R. and
{Huang}, J.-S. and
	{Farrah}, D. and {Pearson}, C. and {Alonso-Herrero}, A. and
	{Bock}, J.~J. and {Clements}, D. and {Cooray}, A. and {Griffin},
M.~J. and
	{Oliver}, S. and {Perez Fournon}, I. and {Riechers}, D. and
	{Swinyard}, B.~M. and {Scott}, D. and {Thatte}, N. and {Valtchanov},
I. and
	{Vaccari}, M.},
    title = "{A Far-infrared Spectroscopic Survey of Intermediate Redshift
(Ultra) Luminous Infrared Galaxies}",
  journal = {\apj},
archivePrefix = "arXiv",
   eprint = {1409.5605},
 keywords = {galaxies: evolution, galaxies: star formation, gamma rays: ISM,
infrared: galaxies, infrared: general},
     year = 2014,
    month = nov,
   volume = 796,
      eid = {63},
    pages = {63},
      doi = {10.1088/0004-637X/796/1/63},
   adsurl = {http://adsabs.harvard.edu/abs/2014ApJ...796...63M},
  adsnote = {Provided by the SAO/NASA Astrophysics Data System}
}


@ARTICLE{brisbin15,
   author = {{Brisbin}, D. and {Ferkinhoff}, C. and {Nikola}, T. and
{Parshley}, S. and
	{Stacey}, G.~J. and {Spoon}, H. and {Hailey-Dunsheath}, S. and
	{Verma}, A.},
    title = "{Strong C$^{+}$ Emission in Galaxies at z \~{} 1-2: Evidence for
Cold Flow Accretion Powered Star Formation in the Early Universe}",
  journal = {\apj},
archivePrefix = "arXiv",
   eprint = {1411.1332},
 keywords = {galaxies: evolution, galaxies: high-redshift, galaxies: ISM,
galaxies: star formation, photon-dominated region: PDR, submillimeter:
galaxies},
     year = 2015,
    month = jan,
   volume = 799,
      eid = {13},
    pages = {13},
      doi = {10.1088/0004-637X/799/1/13},
   adsurl = {http://adsabs.harvard.edu/abs/2015ApJ...799...13B},
  adsnote = {Provided by the SAO/NASA Astrophysics Data System}
}

@ARTICLE{rawle14,
   author = {{Rawle}, T.~D. and {Egami}, E. and {Bussmann}, R.~S. and
{Gurwell}, M. and
	{Ivison}, R.~J. and {Boone}, F. and {Combes}, F. and {Danielson},
A.~L.~R. and
	{Rex}, M. and {Richard}, J. and {Smail}, I. and {Swinbank}, A.~M. and
	{Altieri}, B. and {Blain}, A.~W. and {Clement}, B. and
{Dessauges-Zavadsky}, M. and
	{Edge}, A.~C. and {Fazio}, G.~G. and {Jones}, T. and {Kneib}, J.-P.
and
	{Omont}, A. and {P{\'e}rez-Gonz{\'a}lez}, P.~G. and {Schaerer}, D.
and
	{Valtchanov}, I. and {van der Werf}, P.~P. and {Walth}, G. and
	{Zamojski}, M. and {Zemcov}, M.},
    title = "{[C II] and $^{12}$CO(1-0) Emission Maps in HLSJ091828.6+514223:
A Strongly Lensed Interacting System at z = 5.24}",
  journal = {\apj},
archivePrefix = "arXiv",
   eprint = {1310.4090},
 keywords = {galaxies: high-redshift, galaxies: star formation,
submillimeter: galaxies},
     year = 2014,
    month = mar,
   volume = 783,
      eid = {59},
    pages = {59},
      doi = {10.1088/0004-637X/783/1/59},
   adsurl = {http://adsabs.harvard.edu/abs/2014ApJ...783...59R},
  adsnote = {Provided by the SAO/NASA Astrophysics Data System}
}

@ARTICLE{richard11,
   author = {{Richard}, J. and {Kneib}, J.-P. and {Ebeling}, H. and {Stark},
D.~P. and
	{Egami}, E. and {Fiedler}, A.~K.},
    title = "{Discovery of a possibly old galaxy at z= 6.027, multiply imaged
by the massive cluster Abell 383}",
  journal = {\mnras},
archivePrefix = "arXiv",
   eprint = {1102.5092},
 keywords = {gravitational lensing: strong, galaxies: high redshift},
     year = 2011,
    month = jun,
   volume = 414,
    pages = {L31-L35},
      doi = {10.1111/j.1745-3933.2011.01050.x},
   adsurl = {http://adsabs.harvard.edu/abs/2011MNRAS.414L..31R},
  adsnote = {Provided by the SAO/NASA Astrophysics Data System}
}

@ARTICLE{wardlow10,
   author = {{Wardlow}, J.~L. and {Smail}, I. and {Wilson}, G.~W. and {Yun},
M.~S. and
	{Coppin}, K.~E.~K. and {Cybulski}, R. and {Geach}, J.~E. and
	{Ivison}, R.~J. and {Aretxaga}, I. and {Austermann}, J.~E. and
	{Edge}, A.~C. and {Fazio}, G.~G. and {Huang}, J. and {Hughes}, D.~H.
and
	{Kodama}, T. and {Kang}, Y. and {Kim}, S. and {Mauskopf}, P.~D. and
	{Perera}, T.~A. and {Scott}, K.~S.},
    title = "{An AzTEC 1.1-mm survey for ULIRGs in the field of the Galaxy
Cluster MS0451.6-0305}",
  journal = {\mnras},
archivePrefix = "arXiv",
   eprint = {0910.1595},
 keywords = {galaxies: clusters: individual: MS0451-03, submillimetre},
     year = 2010,
    month = feb,
   volume = 401,
    pages = {2299-2317},
      doi = {10.1111/j.1365-2966.2009.15847.x},
   adsurl = {http://ukads.nottingham.ac.uk/abs/2010MNRAS.401.2299W},
  adsnote = {Provided by the SAO/NASA Astrophysics Data System}
}


@ARTICLE{carilliwalter13,
   author = {{Carilli}, C.~L. and {Walter}, F.},
    title = "{Cool Gas in High-Redshift Galaxies}",
  journal = {\araa},
archivePrefix = "arXiv",
   eprint = {1301.0371},
     year = 2013,
    month = aug,
   volume = 51,
    pages = {105-161},
      doi = {10.1146/annurev-astro-082812-140953},
   adsurl = {http://adsabs.harvard.edu/abs/2013ARA%26A..51..105C},
  adsnote = {Provided by the SAO/NASA Astrophysics Data System}
}

@ARTICLE{solomon05,
   author = {{Solomon}, P.~M. and {Vanden Bout}, P.~A.},
    title = "{Molecular Gas at High Redshift}",
  journal = {\araa},
   eprint = {astro-ph/0508481},
     year = 2005,
    month = sep,
   volume = 43,
    pages = {677-725},
      doi = {10.1146/annurev.astro.43.051804.102221},
   adsurl = {http://adsabs.harvard.edu/abs/2005ARA%26A..43..677S},
  adsnote = {Provided by the SAO/NASA Astrophysics Data System}
}


@ARTICLE{cooksy86,
   author = {{Cooksy}, A.~L. and {Blake}, G.~A. and {Saykally}, R.~J.},
    title = "{Direct measurement of the fine-structure interval and gJ
factors of singly ionized atomic carbon by laser magnetic resonance}",
  journal = {\apjl},
 keywords = {Carbon Isotopes, Gas Ionization, Interstellar Gas, Laser
Applications, Line Spectra, Magnetic Resonance, Abundance, Far Infrared
Radiation, Least Squares Method, Molecular Clouds, Zeeman Effect},
     year = 1986,
    month = jun,
   volume = 305,
    pages = {L89-L92},
      doi = {10.1086/184691},
   adsurl = {http://adsabs.harvard.edu/abs/1986ApJ...305L..89C},
  adsnote = {Provided by the SAO/NASA Astrophysics Data System}
}

@ARTICLE{finkelstein13,
   author = {{Finkelstein}, S.~L. and {Papovich}, C. and {Dickinson}, M. and
	{Song}, M. and {Tilvi}, V. and {Koekemoer}, A.~M. and {Finkelstein},
K.~D. and
	{Mobasher}, B. and {Ferguson}, H.~C. and {Giavalisco}, M. and
	{Reddy}, N. and {Ashby}, M.~L.~N. and {Dekel}, A. and {Fazio}, G.~G.
and
	{Fontana}, A. and {Grogin}, N.~A. and {Huang}, J.-S. and {Kocevski},
D. and
	{Rafelski}, M. and {Weiner}, B.~J. and {Willner}, S.~P.},
    title = "{A galaxy rapidly forming stars 700 million years after the Big
Bang at redshift 7.51}",
  journal = {\nat},
archivePrefix = "arXiv",
   eprint = {1310.6031},
     year = 2013,
    month = oct,
   volume = 502,
    pages = {524-527},
      doi = {10.1038/nature12657},
   adsurl = {http://adsabs.harvard.edu/abs/2013Natur.502..524F},
  adsnote = {Provided by the SAO/NASA Astrophysics Data System}
}

@ARTICLE{vanzella11,
   author = {{Vanzella}, E. and {Pentericci}, L. and {Fontana}, A. and
{Grazian}, A. and
	{Castellano}, M. and {Boutsia}, K. and {Cristiani}, S. and
{Dickinson}, M. and
	{Gallozzi}, S. and {Giallongo}, E. and {Giavalisco}, M. and
	{Maiolino}, R. and {Moorwood}, A. and {Paris}, D. and {Santini}, P.
	},
    title = "{Spectroscopic Confirmation of Two Lyman Break Galaxies at
Redshift Beyond 7}",
  journal = {\apjl},
archivePrefix = "arXiv",
   eprint = {1011.5500},
 keywords = {galaxies: distances and redshifts, galaxies: formation,
galaxies: high-redshift},
     year = 2011,
    month = apr,
   volume = 730,
      eid = {L35},
    pages = {L35},
      doi = {10.1088/2041-8205/730/2/L35},
   adsurl = {http://adsabs.harvard.edu/abs/2011ApJ...730L..35V},
  adsnote = {Provided by the SAO/NASA Astrophysics Data System}
}

@ARTICLE{ono12,
   author = {{Ono}, Y. and {Ouchi}, M. and {Mobasher}, B. and {Dickinson}, M.
and
	{Penner}, K. and {Shimasaku}, K. and {Weiner}, B.~J. and
{Kartaltepe}, J.~S. and
	{Nakajima}, K. and {Nayyeri}, H. and {Stern}, D. and {Kashikawa}, N.
and
	{Spinrad}, H.},
    title = "{Spectroscopic Confirmation of Three z-dropout Galaxies at z =
6.844-7.213: Demographics of Ly{$\alpha$} Emission in z \~{} 7 Galaxies}",
  journal = {\apj},
archivePrefix = "arXiv",
   eprint = {1107.3159},
 keywords = {cosmology: observations, galaxies: evolution, galaxies:
formation, galaxies: high-redshift},
     year = 2012,
    month = jan,
   volume = 744,
      eid = {83},
    pages = {83},
      doi = {10.1088/0004-637X/744/2/83},
   adsurl = {http://adsabs.harvard.edu/abs/2012ApJ...744...83O},
  adsnote = {Provided by the SAO/NASA Astrophysics Data System}
}

@ARTICLE{schenker12,
   author = {{Schenker}, M.~A. and {Stark}, D.~P. and {Ellis}, R.~S. and
	{Robertson}, B.~E. and {Dunlop}, J.~S. and {McLure}, R.~J. and
	{Kneib}, J.-P. and {Richard}, J.},
    title = "{Keck Spectroscopy of Faint 3 {\lt} z {\lt} 8 Lyman Break
Galaxies: Evidence for a Declining Fraction of Emission Line Sources in the
Redshift Range 6 {\lt} z {\lt} 8}",
  journal = {\apj},
archivePrefix = "arXiv",
   eprint = {1107.1261},
 keywords = {galaxies: evolution, galaxies: formation, galaxies:
high-redshift, galaxies: starburst},
     year = 2012,
    month = jan,
   volume = 744,
      eid = {179},
    pages = {179},
      doi = {10.1088/0004-637X/744/2/179},
   adsurl = {http://adsabs.harvard.edu/abs/2012ApJ...744..179S},
  adsnote = {Provided by the SAO/NASA Astrophysics Data System}
}

@ARTICLE{shibuya12,
   author = {{Shibuya}, T. and {Kashikawa}, N. and {Ota}, K. and {Iye}, M.
and
	{Ouchi}, M. and {Furusawa}, H. and {Shimasaku}, K. and {Hattori}, T.
	},
    title = "{The First Systematic Survey for Ly{$\alpha$} Emitters at z =
7.3 with Red-sensitive Subaru/Suprime-Cam}",
  journal = {\apj},
archivePrefix = "arXiv",
   eprint = {1112.3997},
 keywords = {cosmology: observations, early Universe, galaxies: formation,
galaxies: high-redshift},
     year = 2012,
    month = jun,
   volume = 752,
      eid = {114},
    pages = {114},
      doi = {10.1088/0004-637X/752/2/114},
   adsurl = {http://adsabs.harvard.edu/abs/2012ApJ...752..114S},
  adsnote = {Provided by the SAO/NASA Astrophysics Data System}
}


@ARTICLE{zitrin15,
   author = {{Zitrin}, A. and {Labb{\'e}}, I. and {Belli}, S. and {Bouwens},
R. and
	{Ellis}, R.~S. and {Roberts-Borsani}, G. and {Stark}, D.~P. and
	{Oesch}, P.~A. and {Smit}, R.},
    title = "{Lyman{$\alpha$} Emission from a Luminous z = 8.68 Galaxy:
Implications for Galaxies as Tracers of Cosmic Reionization}",
  journal = {\apjl},
archivePrefix = "arXiv",
   eprint = {1507.02679},
 keywords = {cosmology: observations, galaxies: evolution, galaxies:
formation, galaxies: high-redshift},
     year = 2015,
    month = sep,
   volume = 810,
      eid = {L12},
    pages = {L12},
      doi = {10.1088/2041-8205/810/1/L12},
   adsurl = {http://adsabs.harvard.edu/abs/2015ApJ...810L..12Z},
  adsnote = {Provided by the SAO/NASA Astrophysics Data System}
}

@ARTICLE{hu02,
   author = {{Hu}, E.~M. and {Cowie}, L.~L. and {McMahon}, R.~G. and {Capak},
P. and
	{Iwamuro}, F. and {Kneib}, J.-P. and {Maihara}, T. and {Motohara}, K.
	},
    title = "{A Redshift z=6.56 Galaxy behind the Cluster Abell 370}",
  journal = {\apjl},
   eprint = {astro-ph/0203091},
 keywords = {Cosmology: Observations, Cosmology: Early Universe, Galaxies:
Distances and Redshifts, Galaxies: Evolution, Galaxies: Formation},
     year = 2002,
    month = apr,
   volume = 568,
    pages = {L75-L79},
      doi = {10.1086/340424},
   adsurl = {http://adsabs.harvard.edu/abs/2002ApJ...568L..75H},
  adsnote = {Provided by the SAO/NASA Astrophysics Data System}
}


@ARTICLE{iye06,
   author = {{Iye}, M. and {Ota}, K. and {Kashikawa}, N. and {Furusawa}, H.
and
	{Hashimoto}, T. and {Hattori}, T. and {Matsuda}, Y. and {Morokuma},
T. and
	{Ouchi}, M. and {Shimasaku}, K.},
    title = "{A galaxy at a redshift z = 6.96}",
  journal = {\nat},
   eprint = {astro-ph/0609393},
     year = 2006,
    month = sep,
   volume = 443,
    pages = {186-188},
      doi = {10.1038/nature05104},
   adsurl = {http://adsabs.harvard.edu/abs/2006Natur.443..186I},
  adsnote = {Provided by the SAO/NASA Astrophysics Data System}
}

@ARTICLE{oesch15,
   author = {{Oesch}, P.~A. and {van Dokkum}, P.~G. and {Illingworth}, G.~D.
and
	{Bouwens}, R.~J. and {Momcheva}, I. and {Holden}, B. and
{Roberts-Borsani}, G.~W. and
	{Smit}, R. and {Franx}, M. and {Labb{\'e}}, I. and {Gonz{\'a}lez}, V.
and
	{Magee}, D.},
    title = "{A Spectroscopic Redshift Measurement for a Luminous Lyman Break
Galaxy at z = 7.730 Using Keck/MOSFIRE}",
  journal = {\apjl},
archivePrefix = "arXiv",
   eprint = {1502.05399},
 keywords = {dark ages, reionization, first stars, galaxies: evolution,
galaxies: formation, galaxies: high-redshift},
     year = 2015,
    month = may,
   volume = 804,
      eid = {L30},
    pages = {L30},
      doi = {10.1088/2041-8205/804/2/L30},
   adsurl = {http://adsabs.harvard.edu/abs/2015ApJ...804L..30O},
  adsnote = {Provided by the SAO/NASA Astrophysics Data System}
}

@ARTICLE{watson15,
   author = {{Watson}, D. and {Christensen}, L. and {Knudsen}, K.~K. and
	{Richard}, J. and {Gallazzi}, A. and {Micha{\l}owski}, M.~J.
	},
    title = "{A dusty, normal galaxy in the epoch of reionization}",
  journal = {\nat},
archivePrefix = "arXiv",
   eprint = {1503.00002},
     year = 2015,
    month = mar,
   volume = 519,
    pages = {327-330},
      doi = {10.1038/nature14164},
   adsurl = {http://adsabs.harvard.edu/abs/2015Natur.519..327W},
  adsnote = {Provided by the SAO/NASA Astrophysics Data System}
}

@ARTICLE{venemans12,
   author = {{Venemans}, B.~P. and {McMahon}, R.~G. and {Walter}, F. and
	{Decarli}, R. and {Cox}, P. and {Neri}, R. and {Hewett}, P. and
	{Mortlock}, D.~J. and {Simpson}, C. and {Warren}, S.~J.},
    title = "{Detection of Atomic Carbon [C II] 158 {$\mu$}m and Dust
Emission from a z = 7.1 Quasar Host Galaxy}",
  journal = {\apjl},
archivePrefix = "arXiv",
   eprint = {1203.5844},
 keywords = {cosmology: observations, galaxies: active, galaxies:
high-redshift, galaxies: individual: ULAS J112001.48+064124.3, galaxies:
ISM},
     year = 2012,
    month = jun,
   volume = 751,
      eid = {L25},
    pages = {L25},
      doi = {10.1088/2041-8205/751/2/L25},
   adsurl = {http://adsabs.harvard.edu/abs/2012ApJ...751L..25V},
  adsnote = {Provided by the SAO/NASA Astrophysics Data System}
}

@ARTICLE{banados15,
   author = {{Ba{\~n}ados}, E. and {Decarli}, R. and {Walter}, F. and
{Venemans}, B.~P. and
	{Farina}, E.~P. and {Fan}, X.},
    title = "{Bright [C II] 158 {$\mu$}m Emission in a Quasar Host Galaxy at
z = 6.54}",
  journal = {\apjl},
archivePrefix = "arXiv",
   eprint = {1504.05216},
 keywords = {cosmology: observations, quasars: emission lines, quasars:
general},
     year = 2015,
    month = may,
   volume = 805,
      eid = {L8},
    pages = {L8},
      doi = {10.1088/2041-8205/805/1/L8},
   adsurl = {http://adsabs.harvard.edu/abs/2015ApJ...805L...8B},
  adsnote = {Provided by the SAO/NASA Astrophysics Data System}
}

@ARTICLE{rollig06,
   author = {{R{\"o}llig}, M. and {Ossenkopf}, V. and {Jeyakumar}, S. and
	{Stutzki}, J. and {Sternberg}, A.},
    title = "{[CII] 158 {$\mu$}m emission and metallicity in photon dominated
regions}",
  journal = {\aap},
   eprint = {astro-ph/0601682},
 keywords = {ISM: abundances, ISM: structure, ISM: clouds, ISM: general,
galaxies: ISM, galaxies: abundances},
     year = 2006,
    month = jun,
   volume = 451,
    pages = {917-924},
      doi = {10.1051/0004-6361:20053845},
   adsurl = {http://adsabs.harvard.edu/abs/2006A%26A...451..917R},
  adsnote = {Provided by the SAO/NASA Astrophysics Data System}
}

@ARTICLE{cormier15,
   author = {{Cormier}, D. and {Madden}, S.~C. and {Lebouteiller}, V. and
	{Abel}, N. and {Hony}, S. and {Galliano}, F. and {R{\'e}my-Ruyer}, A.
and
	{Bigiel}, F. and {Baes}, M. and {Boselli}, A. and {Chevance}, M. and
	{Cooray}, A. and {De Looze}, I. and {Doublier}, V. and {Galametz}, M.
and
	{Hughes}, T. and {Karczewski}, O.~{\L}. and {Lee}, M.-Y. and
	{Lu}, N. and {Spinoglio}, L.},
    title = "{The Herschel Dwarf Galaxy Survey. I. Properties of the
low-metallicity ISM from PACS spectroscopy}",
  journal = {\aap},
archivePrefix = "arXiv",
   eprint = {1502.03131},
 keywords = {galaxies: dwarf, infrared: ISM, photon-dominated region (PDR),
techniques: spectroscopic, radiative transfer, HII regions},
     year = 2015,
    month = jun,
   volume = 578,
      eid = {A53},
    pages = {A53},
      doi = {10.1051/0004-6361/201425207},
   adsurl = {http://adsabs.harvard.edu/abs/2015A%26A...578A..53C},
  adsnote = {Provided by the SAO/NASA Astrophysics Data System}
}


@ARTICLE{stark15,
   author = {{Stark}, D.~P. and {Richard}, J. and {Charlot}, S. and
{Cl{\'e}ment}, B. and
	{Ellis}, R. and {Siana}, B. and {Robertson}, B. and {Schenker}, M.
and
	{Gutkin}, J. and {Wofford}, A.},
    title = "{Spectroscopic detections of C III] {$\lambda$}1909 {\AA} at z
{\sime} 6-7: a new probe of early star-forming galaxies and cosmic
reionization}",
  journal = {\mnras},
archivePrefix = "arXiv",
   eprint = {1408.3649},
 keywords = {galaxies: evolution, galaxies: formation, galaxies:
high-redshift, cosmology: observations},
     year = 2015,
    month = jun,
   volume = 450,
    pages = {1846-1855},
      doi = {10.1093/mnras/stv688},
   adsurl = {http://adsabs.harvard.edu/abs/2015MNRAS.450.1846S},
  adsnote = {Provided by the SAO/NASA Astrophysics Data System}
}

@ARTICLE{goldsmith12,
   author = {{Goldsmith}, P.~F. and {Langer}, W.~D. and {Pineda}, J.~L. and
	{Velusamy}, T.},
    title = "{Collisional Excitation of the [C II] Fine Structure Transition
in Interstellar Clouds}",
  journal = {\apjs},
archivePrefix = "arXiv",
   eprint = {1209.4536},
 keywords = {atomic processes, photon-dominated region: PDR, submillimeter:
ISM},
     year = 2012,
    month = nov,
   volume = 203,
      eid = {13},
    pages = {13},
      doi = {10.1088/0067-0049/203/1/13},
   adsurl = {http://adsabs.harvard.edu/abs/2012ApJS..203...13G},
  adsnote = {Provided by the SAO/NASA Astrophysics Data System}
}


@ARTICLE{venemans15,
   author = {{Venemans}, B.~P. and {Walter}, F. and {Zschaechner}, L. and
	{Decarli}, R. and {De Rosa}, G. and {Findlay}, J.~R. and {McMahon},
R.~G. and
	{Sutherland}, W.~J.},
    title = "{Bright [CII] and dust emission in three z$\gt$6.6 quasar host
galaxies observed by ALMA}",
  journal = {ApJ in press, arxiv:1511.07432},
archivePrefix = "arXiv",
   eprint = {1511.07432},
 keywords = {Astrophysics - Astrophysics of Galaxies, Astrophysics -
Cosmology and Nongalactic Astrophysics},
     year = 2015,
    month = nov,
   adsurl = {http://adsabs.harvard.edu/abs/2015arXiv151107432V},
  adsnote = {Provided by the SAO/NASA Astrophysics Data System}
}

@ARTICLE{diazsantos13,
   author = {{D{\'{\i}}az-Santos}, T. and {Armus}, L. and {Charmandaris}, V.
and
	{Stierwalt}, S. and {Murphy}, E.~J. and {Haan}, S. and {Inami}, H.
and
	{Malhotra}, S. and {Meijerink}, R. and {Stacey}, G. and {Petric},
A.~O. and
	{Evans}, A.~S. and {Veilleux}, S. and {van der Werf}, P.~P. and
	{Lord}, S. and {Lu}, N. and {Howell}, J.~H. and {Appleton}, P. and
	{Mazzarella}, J.~M. and {Surace}, J.~A. and {Xu}, C.~K. and
	{Schulz}, B. and {Sanders}, D.~B. and {Bridge}, C. and {Chan},
B.~H.~P. and
	{Frayer}, D.~T. and {Iwasawa}, K. and {Melbourne}, J. and {Sturm}, E.
	},
    title = "{Explaining the [C II]157.7 {$\mu$}m Deficit in Luminous
Infrared Galaxies{\mdash}First Results from a Herschel/PACS Study of the
GOALS Sample}",
  journal = {\apj},
archivePrefix = "arXiv",
   eprint = {1307.2635},
 keywords = {galaxies: ISM, galaxies: nuclei, galaxies: starburst, infrared:
galaxies},
     year = 2013,
    month = sep,
   volume = 774,
      eid = {68},
    pages = {68},
      doi = {10.1088/0004-637X/774/1/68},
   adsurl = {http://adsabs.harvard.edu/abs/2013ApJ...774...68D},
  adsnote = {Provided by the SAO/NASA Astrophysics Data System}
}

@ARTICLE{olsen15,
   author = {{Olsen}, K.~P. and {Greve}, T.~R. and {Narayanan}, D. and
{Thompson}, R. and
	{Toft}, S. and {Brinch}, C.},
    title = "{Simulator of Galaxy Millimeter/Submillimeter Emission
(S{\'{\i}}GAME): The [C ii]{\ndash}SFR Relationship of Massive
z{\nbsp}={\nbsp}2 Main Sequence Galaxies}",
  journal = {\apj},
archivePrefix = "arXiv",
   eprint = {1507.00362},
 keywords = {galaxies: high-redshift, galaxies: ISM, galaxies: star
formation, ISM: lines and bands},
     year = 2015,
    month = nov,
   volume = 814,
      eid = {76},
    pages = {76},
      doi = {10.1088/0004-637X/814/1/76},
   adsurl = {http://adsabs.harvard.edu/abs/2015ApJ...814...76O},
  adsnote = {Provided by the SAO/NASA Astrophysics Data System}
}

@ARTICLE{vallini15,
   author = {{Vallini}, L. and {Gallerani}, S. and {Ferrara}, A. and
{Pallottini}, A. and
	{Yue}, B.},
    title = "{On the [CII]-SFR Relation in High Redshift Galaxies}",
  journal = {\apj},
archivePrefix = "arXiv",
   eprint = {1507.00340},
 keywords = {cosmology: observations, cosmology: theory, galaxies:
high-redshift, galaxies: ISM, line: formation, submillimeter: ISM},
     year = 2015,
    month = nov,
   volume = 813,
      eid = {36},
    pages = {36},
      doi = {10.1088/0004-637X/813/1/36},
   adsurl = {http://adsabs.harvard.edu/abs/2015ApJ...813...36V},
  adsnote = {Provided by the SAO/NASA Astrophysics Data System}
}

@ARTICLE{planck13,
   author = {{Planck Collaboration} and {Ade}, P.~A.~R. and {Aghanim}, N. and
	{Armitage-Caplan}, C. and {Arnaud}, M. and {Ashdown}, M. and
	{Atrio-Barandela}, F. and {Aumont}, J. and {Baccigalupi}, C. and
	{Banday}, A.~J. and et al.},
    title = "{Planck 2013 results. XVI. Cosmological parameters}",
  journal = {\aap},
archivePrefix = "arXiv",
   eprint = {1303.5076},
 keywords = {cosmic background radiation, cosmological parameters, early
Universe, inflation, primordial nucleosynthesis},
     year = 2014,
    month = nov,
   volume = 571,
      eid = {A16},
    pages = {A16},
      doi = {10.1051/0004-6361/201321591},
   adsurl = {http://adsabs.harvard.edu/abs/2014A%26A...571A..16P},
  adsnote = {Provided by the SAO/NASA Astrophysics Data System}
}

@ARTICLE{smith01,
   author = {{Smith}, G.~P. and {Kneib}, J.-P. and {Ebeling}, H. and
{Czoske}, O. and
	{Smail}, I.},
    title = "{A Hubble Space Telescope Lensing Survey of X-Ray Luminous
Galaxy Clusters. I. A383}",
  journal = {\apj},
   eprint = {astro-ph/0008315},
 keywords = {Cosmology: Observations, Galaxies: Clusters: Individual: Name:
Abell 383, Galaxies: Evolution, Cosmology: Gravitational Lensing},
     year = 2001,
    month = may,
   volume = 552,
    pages = {493-503},
      doi = {10.1086/320557},
   adsurl = {http://adsabs.harvard.edu/abs/2001ApJ...552..493S},
  adsnote = {Provided by the SAO/NASA Astrophysics Data System}
}

@ARTICLE{bradley08,
   author = {{Bradley}, L.~D. and {Bouwens}, R.~J. and {Ford}, H.~C. and
	{Illingworth}, G.~D. and {Jee}, M.~J. and {Ben{\'{\i}}tez}, N. and
	{Broadhurst}, T.~J. and {Franx}, M. and {Frye}, B.~L. and {Infante},
L. and
	{Motta}, V. and {Rosati}, P. and {White}, R.~L. and {Zheng}, W.
	},
    title = "{Discovery of a Very Bright Strongly Lensed Galaxy Candidate at
z \~{} 7.6}",
  journal = {\apj},
archivePrefix = "arXiv",
   eprint = {0802.2506},
 keywords = {Cosmology: Observations, Galaxies: Evolution, Galaxies:
Formation, Galaxies: High-Redshift},
     year = 2008,
    month = may,
   volume = 678,
    pages = {647-654},
      doi = {10.1086/533519},
   adsurl = {http://adsabs.harvard.edu/abs/2008ApJ...678..647B},
  adsnote = {Provided by the SAO/NASA Astrophysics Data System}
}

@ARTICLE{michalowski15,
   author = {{Micha{\l}owski}, M.~J.},
    title = "{Dust production 680-850 million years after the Big Bang}",
  journal = {\aap},
archivePrefix = "arXiv",
   eprint = {1503.08210},
 keywords = {stars: AGB and post-AGB, supernovae: general, dust: extinction,
galaxies: high-redshift, galaxies: ISM, quasars: general},
     year = 2015,
    month = may,
   volume = 577,
      eid = {A80},
    pages = {A80},
      doi = {10.1051/0004-6361/201525644},
   adsurl = {http://adsabs.harvard.edu/abs/2015A%26A...577A..80M},
  adsnote = {Provided by the SAO/NASA Astrophysics Data System}
}

@ARTICLE{mancini15,
   author = {{Mancini}, M. and {Schneider}, R. and {Graziani}, L. and
{Valiante}, R. and
	{Dayal}, P. and {Maio}, U. and {Ciardi}, B. and {Hunt}, L.~K.
	},
    title = "{The dust mass in z $\gt$ 6 normal star-forming galaxies}",
  journal = {\mnras},
archivePrefix = "arXiv",
   eprint = {1505.01841},
 keywords = {dust, extinction, ISM: supernova remnants, galaxies: evolution,
galaxies: high-redshift, galaxies: ISM, submillimetre: galaxies},
     year = 2015,
    month = jul,
   volume = 451,
    pages = {L70-L74},
      doi = {10.1093/mnrasl/slv070},
   adsurl = {http://adsabs.harvard.edu/abs/2015MNRAS.451L..70M},
  adsnote = {Provided by the SAO/NASA Astrophysics Data System}
}

@ARTICLE{schultz14,
   author = {{Schultz}, C. and {O{\~n}orbe}, J. and {Abazajian}, K.~N. and
	{Bullock}, J.~S.},
    title = "{The high-z universe confronts warm dark matter: Galaxy counts,
reionization and the nature of dark matter}",
  journal = {\mnras},
archivePrefix = "arXiv",
   eprint = {1401.3769},
 keywords = {galaxies: abundances, cosmology: theory, dark ages,
reionization, first stars, dark energy},
     year = 2014,
    month = aug,
   volume = 442,
    pages = {1597-1609},
      doi = {10.1093/mnras/stu976},
   adsurl = {http://adsabs.harvard.edu/abs/2014MNRAS.442.1597S},
  adsnote = {Provided by the SAO/NASA Astrophysics Data System}
}

@ARTICLE{harikane15,
   author = {{Harikane}, Y. and {Ouchi}, M. and {Ono}, Y. and {More}, S. and
	{Saito}, S. and {Lin}, Y.-T. and {Coupon}, J. and {Shimasaku}, K. and
	{Shibuya}, T. and {Price}, P.~A. and {Lin}, L. and {Hsieh}, B.-C. and
	{Ishigaki}, M. and {Komiyama}, Y. and {Silverman}, J. and {Takata},
T. and
	{Tamazawa}, H. and {Toshikawa}, J.},
    title = "{Evolution of Stellar-to-Halo Mass Ratio at z=0-7 Identified by
Clustering Analysis with the Hubble Legacy Imaging and Early Subaru/Hyper
Suprime-Cam Survey Data}",
  journal = {ArXiv e-prints},
archivePrefix = "arXiv",
   eprint = {1511.07873},
 keywords = {Astrophysics - Astrophysics of Galaxies, Astrophysics -
Cosmology and Nongalactic Astrophysics},
     year = 2015,
    month = nov,
   adsurl = {http://adsabs.harvard.edu/abs/2015arXiv151107873H},
  adsnote = {Provided by the SAO/NASA Astrophysics Data System}
}

@ARTICLE{fakhouri10,
   author = {{Fakhouri}, O. and {Ma}, C.-P. and {Boylan-Kolchin}, M.},
    title = "{The merger rates and mass assembly histories of dark matter
haloes in the two Millennium simulations}",
  journal = {\mnras},
archivePrefix = "arXiv",
   eprint = {1001.2304},
 primaryClass = "astro-ph.CO",
 keywords = {galaxies: formation, cosmology: theory, dark matter, large-scale
structure of Universe},
     year = 2010,
    month = aug,
   volume = 406,
    pages = {2267-2278},
      doi = {10.1111/j.1365-2966.2010.16859.x},
   adsurl = {http://adsabs.harvard.edu/abs/2010MNRAS.406.2267F},
  adsnote = {Provided by the SAO/NASA Astrophysics Data System}
}

@BOOK{binney87,
   author = {{Binney}, J. and {Tremaine}, S.},
    title = "{Galactic dynamics}",
 keywords = {Astrophysics, Celestial Mechanics, Galactic Structure, Milky Way
Galaxy, Dark Matter, Galactic Evolution, Jeans Theory, Orbital Mechanics,
Potential Theory, Stellar Evolution, Stellar Systems},
booktitle = {Princeton, NJ, Princeton University Press, 1987, 747 p.},
     year = 1987,
   adsurl = {http://adsabs.harvard.edu/abs/1987gady.book.....B},
  adsnote = {Provided by the SAO/NASA Astrophysics Data System}
}

@ARTICLE{boylankolchin08,
   author = {{Boylan-Kolchin}, M. and {Ma}, C.-P. and {Quataert}, E.},
    title = "{Dynamical friction and galaxy merging time-scales}",
  journal = {\mnras},
archivePrefix = "arXiv",
   eprint = {0707.2960},
 keywords = {galaxies: evolution , galaxies: formation},
     year = 2008,
    month = jan,
   volume = 383,
    pages = {93-101},
      doi = {10.1111/j.1365-2966.2007.12530.x},
   adsurl = {http://adsabs.harvard.edu/abs/2008MNRAS.383...93B},
  adsnote = {Provided by the SAO/NASA Astrophysics Data System}
}

@ARTICLE{malhotra01,
   author = {{Malhotra}, S. and {Kaufman}, M.~J. and {Hollenbach}, D. and
	{Helou}, G. and {Rubin}, R.~H. and {Brauher}, J. and {Dale}, D. and
	{Lu}, N.~Y. and {Lord}, S. and {Stacey}, G. and {Contursi}, A. and
	{Hunter}, D.~A. and {Dinerstein}, H.},
    title = "{Far-Infrared Spectroscopy of Normal Galaxies: Physical
Conditions in the Interstellar Medium}",
  journal = {\apj},
   eprint = {astro-ph/0106485},
 keywords = {Galaxies: ISM, ISM: H II Regions, ISM: Atoms, ISM: General, ISM:
Lines and Bands, Radiation Mechanisms: Thermal},
     year = 2001,
    month = nov,
   volume = 561,
    pages = {766-786},
      doi = {10.1086/323046},
   adsurl = {http://adsabs.harvard.edu/abs/2001ApJ...561..766M},
  adsnote = {Provided by the SAO/NASA Astrophysics Data System}
}

@ARTICLE{abel09,
   author = {{Abel}, N.~P. and {Dudley}, C. and {Fischer}, J. and {Satyapal},
S. and
	{van Hoof}, P.~A.~M.},
    title = "{Dust-Bounded Ultraluminous Infrared Galaxies: Model Predictions
for Infrared Spectroscopic Surveys}",
  journal = {\apj},
archivePrefix = "arXiv",
   eprint = {0903.4643},
 primaryClass = "astro-ph.CO",
 keywords = {galaxies: active, galaxies: starburst, infrared: galaxies,
infrared: ISM, X-rays: galaxies, X-rays: ISM},
     year = 2009,
    month = aug,
   volume = 701,
    pages = {1147-1160},
      doi = {10.1088/0004-637X/701/2/1147},
   adsurl = {http://adsabs.harvard.edu/abs/2009ApJ...701.1147A},
  adsnote = {Provided by the SAO/NASA Astrophysics Data System}
}

@ARTICLE{graciacarpio11,
   author = {{Graci{\'a}-Carpio}, J. and {Sturm}, E. and {Hailey-Dunsheath},
S. and
	{Fischer}, J. and {Contursi}, A. and {Poglitsch}, A. and {Genzel}, R.
and
	{Gonz{\'a}lez-Alfonso}, E. and {Sternberg}, A. and {Verma}, A. and
	{Christopher}, N. and {Davies}, R. and {Feuchtgruber}, H. and
	{de Jong}, J.~A. and {Lutz}, D. and {Tacconi}, L.~J.},
    title = "{Far-infrared Line Deficits in Galaxies with Extreme
L\_$\{$FIR$\}$/M\_$\{$H\_$\{$2$\}$$\}$ Ratios}",
  journal = {\apjl},
archivePrefix = "arXiv",
   eprint = {1101.0628},
 keywords = {galaxies: evolution, galaxies: ISM, galaxies: starburst,
infrared: ISM},
     year = 2011,
    month = feb,
   volume = 728,
      eid = {L7},
    pages = {L7},
      doi = {10.1088/2041-8205/728/1/L7},
   adsurl = {http://adsabs.harvard.edu/abs/2011ApJ...728L...7G},
  adsnote = {Provided by the SAO/NASA Astrophysics Data System}
}

@ARTICLE{ceverino10,
   author = {{Ceverino}, D. and {Dekel}, A. and {Bournaud}, F.},
    title = "{High-redshift clumpy discs and bulges in cosmological
simulations}",
  journal = {\mnras},
archivePrefix = "arXiv",
   eprint = {0907.3271},
 keywords = {stars: formation, galaxies: evolution, galaxies: formation,
galaxies: kinematics and dynamics, galaxies: spiral},
     year = 2010,
    month = jun,
   volume = 404,
    pages = {2151-2169},
      doi = {10.1111/j.1365-2966.2010.16433.x},
   adsurl = {http://adsabs.harvard.edu/abs/2010MNRAS.404.2151C},
  adsnote = {Provided by the SAO/NASA Astrophysics Data System}
}

@ARTICLE{tacconi10,
   author = {{Tacconi}, L.~J. and {Genzel}, R. and {Neri}, R. and {Cox}, P.
and
	{Cooper}, M.~C. and {Shapiro}, K. and {Bolatto}, A. and {Bouch{\'e}},
N. and
	{Bournaud}, F. and {Burkert}, A. and {Combes}, F. and {Comerford}, J.
and
	{Davis}, M. and {Schreiber}, N.~M.~F. and {Garcia-Burillo}, S. and
	{Gracia-Carpio}, J. and {Lutz}, D. and {Naab}, T. and {Omont}, A. and
	{Shapley}, A. and {Sternberg}, A. and {Weiner}, B.},
    title = "{High molecular gas fractions in normal massive star-forming
galaxies in the young Universe}",
  journal = {\nat},
archivePrefix = "arXiv",
   eprint = {1002.2149},
     year = 2010,
    month = feb,
   volume = 463,
    pages = {781-784},
      doi = {10.1038/nature08773},
   adsurl = {http://adsabs.harvard.edu/abs/2010Natur.463..781T},
  adsnote = {Provided by the SAO/NASA Astrophysics Data System}
}

@ARTICLE{elmegreen09b,
   author = {{Elmegreen}, D.~M. and {Elmegreen}, B.~G. and {Marcus}, M.~T.
and
	{Shahinyan}, K. and {Yau}, A. and {Petersen}, M.},
    title = "{Clumpy Galaxies in Goods and Gems: Massive Analogs of Local
Dwarf Irregulars}",
  journal = {\apj},
archivePrefix = "arXiv",
   eprint = {0906.2660},
 primaryClass = "astro-ph.CO",
 keywords = {galaxies: evolution, galaxies: high-redshift, galaxies:
irregular, galaxies: peculiar, galaxies: starburst},
     year = 2009,
    month = aug,
   volume = 701,
    pages = {306-329},
      doi = {10.1088/0004-637X/701/1/306},
   adsurl = {http://adsabs.harvard.edu/abs/2009ApJ...701..306E},
  adsnote = {Provided by the SAO/NASA Astrophysics Data System}
}

@ARTICLE{elmegreen09a,
   author = {{Elmegreen}, B.~G. and {Elmegreen}, D.~M. and {Fernandez}, M.~X.
and
	{Lemonias}, J.~J.},
    title = "{Bulge and Clump Evolution in Hubble Ultra Deep Field Clump
Clusters, Chains and Spiral Galaxies}",
  journal = {\apj},
archivePrefix = "arXiv",
   eprint = {0810.5404},
 keywords = {galaxies: bulges, galaxies: evolution, galaxies: formation,
galaxies: high-redshift},
     year = 2009,
    month = feb,
   volume = 692,
    pages = {12-31},
      doi = {10.1088/0004-637X/692/1/12},
   adsurl = {http://adsabs.harvard.edu/abs/2009ApJ...692...12E},
  adsnote = {Provided by the SAO/NASA Astrophysics Data System}
}

@ARTICLE{schneider16,
   author = {{Schneider}, R. and {Hunt}, L. and {Valiante}, R.},
    title = "{The dust content of the most metal-poor star-forming
galaxies}",
  journal = {\mnras},
archivePrefix = "arXiv",
   eprint = {1601.01686},
 keywords = {dust, extinction, galaxies: dwarf, galaxies: evolution,
galaxies: high-redshift, galaxies: individual: IZw18, galaxies: individual:
SBS0335-052},
     year = 2016,
    month = apr,
   volume = 457,
    pages = {1842-1850},
      doi = {10.1093/mnras/stw114},
   adsurl = {http://adsabs.harvard.edu/abs/2016MNRAS.457.1842S},
  adsnote = {Provided by the SAO/NASA Astrophysics Data System}
}

@ARTICLE{song16,
   author = {{Song}, M. and {Finkelstein}, S.~L. and {Livermore}, R.~C. and
	{Capak}, P.~L. and {Dickinson}, M. and {Fontana}, A.},
    title = "{Keck/MOSFIRE Spectroscopy of z=7-8 Galaxies: Lyman-alpha
Emission from a Galaxy at z=7.66}",
  journal = {ArXiv e-prints},
archivePrefix = "arXiv",
   eprint = {1602.02160},
 keywords = {Astrophysics - Astrophysics of Galaxies},
     year = 2016,
    month = feb,
   adsurl = {http://adsabs.harvard.edu/abs/2016arXiv160202160S},
  adsnote = {Provided by the SAO/NASA Astrophysics Data System}
}
